3862 6170
98 373 137 430 ιιι
615 351 1133 420 ursromarmucoauu.-nn.
1149 359 1172 416 1.
1671 365 1724 436 eso

101 496 149 550 erat
160 485 292 544 dissensio.
308 483 447 550 Quaedam
464 484 576 541 etenim
590 499 656 555 pars
669 481 698 538 in
714 498 870 554 personam
881 483 911 546 A
923 480 1016 538 deerit
1028 482 1059 539 in
1074 483 1212 538 saeculum
1224 482 1332 540 saeculi.
1348 482 1450 540 Fidelis
1471 482 1571 558 utique
1596 484 1671 541 Deus
1694 483 1724 542 in

99 553 217 648 cujusdam
233 572 377 628 Laurentii
392 587 567 627 consensum
581 571 750 644 praebebat,
775 569 870 642 major
922 571 1016 627 verbis
1028 571 1284 636 suis,ctsanctusin
1294 573 1724 646 omnibusoperibussuis(PseI.

99 666 190 726 iero,et
200 663 240 732 (ut
254 663 318 733 post
329 661 436 732 patuit)
451 660 561 716 saniori
576 659 870 729 utensconsiliu,san·
922 677 1009 728 cxniv,
1024 665 1060 728 9),
1074 660 1191 716 fidelem
1205 661 1348 718 famulum
1359 662 1394 718 dc
1404 661 1526 734 praemio
1536 662 1606 734 justi
1619 662 1726 719 laboris

98 752 228 808 ctissimum
247 749 300 804 sibi
315 750 442 820 elegerat
457 748 675 820 Symmachum.
693 748 871 803 ordinantur
922 749 1012 804 voluit
1022 767 1082 804 esse
1093 766 1235 806 securum.
1251 751 1388 806 »Interea
1400 767 1448 806 rex
1458 750 1643 821 Childcricus,
1654 753 1724 808 dum

98 855 206 912 ergouna
217 837 371 903 dieambo;
383 837 613 909 etSymmachus
627 836 745 909 quidem
757 835 788 892 in
798 835 871 892 basi·
921 854 974 910 per
989 839 1023 895 at
1037 855 1183 894 annorum
1197 837 1339 896 curricula
1351 841 1528 896 Francorum
1543 845 1660 898 strenue
1671 858 1724 914 gu·

97 930 137 986 lica
153 925 392 992 Constantiniana,
414 924 585 980 Laurentius
608 941 675 980 vero
700 923 729 980 in
752 923 870 980 ccclesia
921 927 1071 984 hernasset
1081 944 1216 1000 regnum,
1232 945 1266 984 ex
1279 929 1333 985 hac
1344 929 1401 985 vita
1411 929 1542 986 decessit.
1553 930 1622 986 lluic
1631 931 1725 988 haere·

9 1041 10 1068 l
97 1020 179 1073 sanctu
193 1013 293 1070 llariae.
304 1013 361 1068 Sed
371 1030 435 1068 cum
449 1017 553 1070 neutra
566 1029 632 1086 pars
648 1012 730 1068 alteri
743 1013 868 1081 cederet,
921 1015 1026 1073 ditario
1037 1016 1104 1088 jure
1121 1017 1255 1072 successit
1267 1018 1447 1090 supradictus
1457 1019 1627 1088 Clodoreus,
1637 1020 1681 1076 vir
1694 1019 1723 1076 in

8 1135 10 1200 q
95 1105 276 1160 constituerunt
290 1105 322 1156 ut
336 1101 370 1156 lis
384 1105 477 1173 coepta
487 1101 597 1173 judicio
613 1117 699 1173 supra
714 1101 870 1157 memorati
920 1105 1006 1160 rebus
1017 1105 1126 1160 bellicis
1136 1108 1270 1162 strenuus
1279 1105 1407 1179 nullique
1421 1107 1553 1180 priorum
1561 1108 1665 1164 virtute
1679 1125 1724 1166 se·

9 1201 10 1216 ¹
94 1193 152 1264 regis
163 1190 325 1248 Theudorici
346 1188 489 1246 finiretur.
509 1189 563 1255 Qui
585 1191 729 1246 llarennas
749 1189 868 1261 positus,
921 1193 1251 1266 cundusllicSiagrium
1259 1194 1723 1270 Romanorumpatricium,llgidii

9 1331 10 1342 ,
94 1283 145 1336 dum
160 1281 271 1352 Legatos
289 1279 435 1352 utriusque
453 1279 546 1350 partis
568 1277 703 1346 audisset,
718 1277 867 1334 decrerit:
919 1281 1023 1350 lilium,
1039 1299 1056 1338 a
1071 1282 1231 1340 Suessionis
1253 1283 1367 1340 civitate
1386 1285 1504 1357 expulit,
1520 1301 1644 1359 eamque
1665 1302 1724 1342 suae

93 1394 103 1422 ι
116 1371 143 1426 Ut
154 1368 280 1442 quiprior
291 1368 439 1424 ordinatus
451 1371 535 1436 esset,
543 1369 593 1424 aut
603 1385 690 1442 quem
697 1385 792 1440 maqor
803 1385 869 1441 pars
921 1370 1025 1427 ditioni
1038 1371 1176 1428 subdidit.
1191 1372 1337 1428 Exercitus
1347 1390 1417 1429 sane
1431 1374 1608 1430 Francorum
1619 1375 1725 1432 multas

93 1459 144 1514 cleri
154 1459 231 1513 simul
246 1473 280 1512 ac
294 1457 391 1530 populi
408 1457 551 1529 elegisset,
567 1457 596 1511 in
624 1458 691 1513 aede
713 1456 869 1528 apostolica
920 1458 1074 1515 Galliarum
1083 1459 1215 1516 ecclesias
1224 1460 1374 1529 invadens,
1386 1461 1536 1518 thesauros
1547 1479 1648 1518 earum
1658 1460 1726 1518 diri-

9 1583 10 1586 =
91 1547 247 1628 resideret.)
259 1545 341 1601 Unde
357 1546 548 1618 Symmachus
563 1544 692 1616 pontifex
701 1545 793 1600 lactus
802 1561 869 1601 con·
920 1547 1082 1620 pnitUnde
1097 1547 1173 1604 inter
1187 1552 1291 1605 cetere
1302 1549 1393 1624 spolia
1407 1550 1442 1606 de
1457 1551 1577 1606 ecclesia
1589 1549 1725 1606 Remensi

9 1705 10 1710 η
90 1635 160 1690 stituit
172 1634 357 1691 Laurentium
371 1635 400 1690 in
417 1633 559 1690 Nucerina
574 1633 687 1688 civitate
701 1633 869 1705 episcopum
920 1652 1039 1694 urceum
1054 1637 1120 1692 miri
1133 1637 1272 1709 ponderis
1286 1637 1371 1694 simul
1387 1642 1415 1696 et
1430 1639 1541 1696 decoris
1561 1642 1724 1712 asportave-

9 1776 10 1784 ,
89 1724 172 1778 iutuitu
186 1723 400 1780 misericordia.
418 1723 482 1778 llaec
497 1725 596 1778 eutem
606 1721 721 1793 plenius
735 1721 764 1776 in
779 1721 869 1778 Gestis
920 1727 996 1781 runt.
1013 1727 1068 1782 Pro
1082 1742 1139 1799 quo
1151 1726 1251 1783 beatus
1266 1726 1424 1799 Remigius,
1441 1727 1528 1799 ipsius
1542 1727 1620 1784 urbis
1635 1727 1727 1802 ponti-

9 1873 10 1878 ,
90 1812 289 1880 lontilmalibus,
305 1811 354 1884 qui
368 1811 440 1866 scire
463 1811 595 1880 voluerit,
618 1810 755 1868 inveniet.
771 1812 803 1866 ln
815 1812 869 1866 hac
882 1808 908 1869 B
919 1811 975 1882 lex,
987 1814 1116 1886 legatum
1128 1815 1164 1870 ad
1173 1814 1350 1871 Clodoveum
1359 1815 1475 1885 direxit,
1484 1815 1725 1890 multaprccede·

9 1901 10 1930 ³
87 1918 137 1956 iero
150 1900 324 1956 dissensione
335 1901 377 1972 (ut
391 1901 492 1956 beatus
499 1899 598 1954 scribit
612 1915 689 1972 papa
703 1898 868 1973 Gregorius)
919 1916 1040 1972 poscens
1050 1901 1122 1971 ut,si
1138 1919 1196 1958 uon
1209 1902 1288 1959 aliud
1300 1902 1356 1957 reci
1361 1919 1429 1974 pere
1440 1908 1611 1974 mereretur,
1623 1905 1726 1960 saltem
1747 1933 1753 1943 =

87 1989 255 2044 sanctissimus
270 1987 447 2056 Paschasius,
472 1986 602 2042 Ecclesiae
618 1987 757 2042 llumanae
772 1987 868 2044 diaco·
920 2005 1022 2046 urceus
1035 1989 1083 2048 ille
1098 1989 1435 2057 sibiredderetur.Tuuc
1449 2008 1497 2047 rex
1513 1993 1608 2064 legato
1622 2008 1728 2064 praece-

8 2099 10 2146 ,
87 2095 133 2145 nus,
145 2077 271 2149 partibus
285 2075 523 2133 lavitLaurentii.
534 2074 588 2139 Qui
603 2075 673 2130 dum
685 2077 870 2148 contemptor
921 2078 974 2152 pit,
992 2078 1090 2134 dicens
1106 2095 1113 2136 :
1130 2101 1145 2131 ιι
1159 2079 1286 2153 Sequere
1307 2080 1412 2154 inquit,
1428 2098 1476 2138 me
1492 2098 1582 2155 usque
1599 2080 1726 2139 Suessio-

87 2167 117 2220 sui
126 2171 202 2238 alque
211 2169 330 2222 amator
340 2167 581 2238 cssetpauperum
596 2163 871 2236 Christi,cleemosy-
921 2167 975 2236 nis,
987 2167 1026 2226 ibi
1041 2185 1105 2242 quae
1116 2171 1201 2242 capta
1216 2173 1284 2224 sunt
1296 2173 1374 2226 sorte
1384 2170 1471 2226 missa
1484 2169 1727 2226 dividentur.Etsi

9 2295 10 2300 ι
85 2271 222 2326 suumque
245 2253 364 2310 sedulus
385 2253 577 2326 dispensator,
593 2267 745 2324 nunquam
769 2255 870 2308 tamen
921 2255 992 2312 mihi
1003 2273 1065 2312 sors
1075 2257 1154 2329 justa
1167 2274 1226 2326 ras,
1240 2275 1294 2330 pro
1310 2274 1367 2331 quo
1382 2275 1458 2328 oras,
1475 2257 1598 2326 dederit,
1607 2257 1638 2314 in
1654 2257 1726 2314 reci·

85 2341 142 2396 lecti
152 2342 241 2414 potuit
253 2346 288 2396 ut
299 2341 473 2413 Symmacho
486 2340 728 2408 communicaret,
739 2340 870 2396 illumdi·
920 2344 1027 2417 piendo
1037 2346 1161 2402 conulla
1170 2345 1518 2418 tibigenerahiturmora.
1531 2369 1545 2397 n
1557 2349 1666 2404 Parens
1680 2346 1727 2404 ille

82 2429 250 2501 ligans,illum
261 2445 381 2502 semper
392 2430 653 2502 praeferensquem
663 2429 869 2500 Ecclesiejusto
921 2437 1066 2506 praecepto
1079 2434 1135 2490 iter
1145 2434 1222 2508 regis
1233 2435 1368 2508 usquead
1377 2436 1730 2509 destinatumproseculus

83 2519 261 2590 episcoporum
269 2519 381 2592 judicio
394 2517 448 2574 sibi
463 2535 586 2592 praeesse
596 2519 806 2592 repudiaverat.
821 2517 870 2573 llic
921 2525 964 2577 est
976 2523 1081 2578 locum.
1100 2524 1162 2588 Quo
1176 2540 1241 2579 cum
1258 2524 1466 2595 pervenissent,
1482 2542 1516 2582 ex
1541 2524 1617 2600 regis
1634 2523 1729 2580 edicto

84 2605 871 2680 ergoPaschasins,dumtemporeSymmachipontilicis
921 2611 1728 2692 supellexcunctninmediumdelectursortedividenda.

83 2697 219 2752 terminum
236 2697 325 2768 hujus
340 2700 413 2751 esset
428 2694 544 2753 sortitus
571 2696 646 2764 vitae,
663 2696 699 2751 ad
721 2695 871 2752 ecclesiam
922 2701 1011 2755 Porro
1027 2717 1077 2756 rex
1091 2702 1198 2756 veritus
1213 2719 1249 2758 ne
1266 2702 1351 2771 lorte,
1368 2705 1444 2758 sorte
1459 2703 1556 2770 missa,
1577 2719 1679 2758 urceus
1692 2701 1730 2758 od

11 2775 12 2780 ’
81 2786 113 2836 est
122 2783 390 2840 delatusmandatus
400 2785 564 2856 sepulturae.
575 2784 660 2855 Cujus
670 2783 869 2852 dalmaticam,
921 2788 1730 2864 alteriusdeveniretdominium,cenvocatisprincipibus

10 2915 11 2925 ,
80 2887 129 2941 quse
145 2890 227 2945 super
240 2874 386 2930 feretrum
403 2876 467 2943 ejus
478 2873 572 2944 posite
588 2875 733 2940 erat,cum
749 2872 870 2944 quidam
921 2878 975 2933 hac
998 2894 1047 2932 eos
1060 2878 1217 2950 alloquitur
1230 2879 1362 2934 oratione
1378 2897 1387 2934 :
1406 2901 1420 2930 ιι
1437 2878 1509 2934 Cum
1523 2878 1644 2934 rationis
1658 2878 1729 2935 ordo

81 2957 258 3018 demoniacus
275 2961 429 3033 tetigisset,
454 2960 552 3016 statim
580 2961 718 3016 liberatus
736 2965 788 3016 est.
803 2961 872 3017 Ger·
922 2970 1056 3038 exposcat
1071 2966 1232 3039 principem
1250 2966 1396 3040 imperare
1411 2967 1509 3040 potius
1523 2966 1645 3023 subditis
1660 2967 1730 3040 quid

79 3062 149 3104 meno
163 3055 258 3122 autem
272 3051 411 3121 Capuano
428 3049 563 3122 episcopo
574 3049 678 3104 medici
692 3050 872 3106 dictaverant
920 3054 988 3110 velit
999 3071 1085 3127 quam
1101 3071 1186 3127 prece
1201 3055 1366 3129 deposcere,
1381 3073 1435 3130 ego
1455 3057 1564 3124 tamen,
1579 3053 1729 3111 fortissimi

79 3141 102 3190 ut
112 3153 157 3208 pro
171 3140 375 3212 recuperanda
390 3140 480 3194 salute
502 3138 630 3210 corporis
657 3138 686 3194 in
710 3138 871 3212 hagulauis
883 3103 907 3164 C
921 3143 1144 3212 commilitones,
1155 3145 1231 3200 malo
1243 3161 1309 3200 cum
1325 3145 1419 3218 gratia
1433 3161 1521 3218 quam
1534 3160 1601 3199 cum
1612 3143 1730 3200 austeri-

77 3225 177 3282 thermis
191 3227 285 3284 lavari
301 3225 457 3283 debuisset.
474 3227 524 3282 llic
539 3227 637 3299 itaque
653 3227 770 3283 easdem
791 3227 871 3284 ther·
921 3234 981 3288 tate
992 3232 1176 3306 quidquama
1187 3232 1401 3306 vobisexigere.
1412 3233 1728 3308 Tyrannorumquippc

78 3327 127 3367 nas
136 3314 282 3387 ingressus
293 3315 430 3370 eumdem
439 3315 623 3370 Paschasium
633 3314 662 3370 in
676 3313 784 3371 eisdem
797 3317 871 3372 calo·
923 3322 966 3376 est
976 3319 1179 3394 leviaquaeque
1190 3337 1256 3377 cum
1271 3322 1298 3376 vi
1313 3326 1344 3379 et
1353 3322 1469 3378 feritate
1484 3320 1618 3394 subjectis
1627 3320 1728 3394 presci-

75 3400 871 3477 ribusstantemetsibiobsequiparatuminveuit.Quem
923 3423 1004 3482 pere,
1018 3409 1164 3464 bonorum
1180 3426 1247 3466 vero
1262 3410 1427 3484 principum
1441 3411 1478 3467 ad
1488 3410 1587 3484 gravia
1597 3411 1729 3466 etiamac

77 3504 129 3546 cum
149 3494 340 3548 tremefactus
363 3492 550 3564 inquireret«
568 3492 638 3565 quid
655 3493 695 3548 ibi
710 3496 808 3549 tantus
828 3494 873 3550 vir
922 3497 1052 3552 difficilia
1067 3498 1219 3554 toleranda
1228 3499 1287 3554 sola
1299 3499 1417 3556 lenitate
1427 3500 1549 3556 inuitare
1561 3499 1727 3556 verborum.

76 3588 167 3656 ageret,
179 3607 193 3634 »
205 3587 265 3642 hoc
279 3583 317 3640 ah
327 3600 361 3640 co
372 3598 543 3654 responsum
557 3582 683 3654 accepit:
697 3585 772 3639 «Pro
781 3585 871 3652 nulla,
922 3585 1003 3657 Regii
1013 3585 1111 3659 itaque
1123 3587 1249 3661 dignitas
1257 3588 1385 3644 nominis
1394 3588 1431 3662 pii
1441 3589 1529 3661 patris
1538 3588 1625 3644 debet
1634 3604 1730 3644 exem-

76 3669 163 3744 inquit,
179 3675 237 3730 alia
259 3674 339 3730 rein
354 3673 476 3728 bissum
492 3673 646 3745 deputatus
660 3673 803 3729 caloribus
818 3673 873 3729 nisi
923 3675 972 3748 pla
984 3676 1098 3744 sectari,
1115 3682 1146 3731 ut
1159 3677 1223 3748 plus
1238 3677 1407 3734 reverentiae
1432 3677 1484 3732 sibi
1500 3695 1533 3733 ex
1547 3676 1728 3750 benignitate

75 3761 138 3831 quia,
151 3763 313 3820 Laurentio
328 3762 437 3832 favens,
450 3763 476 3818 ei
493 3767 594 3819 contra
605 3763 815 3836 Symmachum
825 3779 873 3818 ne·
923 3779 1008 3836 quam
1022 3763 1135 3820 timoris
1150 3765 1248 3837 exigat
1262 3783 1295 3821 cr
1317 3766 1496 3822 crudelitate.
1511 3765 1625 3821 llcctius
1640 3765 1729 3838 igitur

75 3851 152 3918 quitcr
166 3853 268 3926 agenti
286 3851 433 3908 consensi.
448 3851 539 3907 Porro
554 3851 578 3906 si
599 3867 652 3925 pro
674 3867 722 3906 me
747 3851 872 3908 Domino
924 3851 991 3907 duxi
1012 3851 1157 3908 mansueti
1176 3852 1268 3908 animi
1292 3853 1495 3910 benevolentia
1514 3853 1541 3908 id
1557 3869 1606 3908 vos
1622 3869 1728 3926 rogare

74 3951 155 4006 preces
169 3940 447 4014 dignarislundere,
465 3939 496 3994 in
510 3941 564 3995 hoc
580 3943 608 3994 te
624 3940 790 3996 exauditum
801 3941 872 3997 scito
923 3940 1001 4012 quod
1016 3955 1130 4012 possem
1143 3940 1223 4013 regia
1234 3959 1299 3997 usus
1314 3941 1485 3998 auctoritate
1500 3941 1669 3996 inconsultis
1680 3957 1726 3996 vu-

75 4041 122 4082 csse
143 4029 164 4083 si
189 4031 247 4086 huc
274 4030 392 4086 rediens
415 4046 462 4084 me
478 4045 537 4084 non
553 4027 676 4103 quiveris
695 4028 837 4088 inveniro.
857 4051 872 4078 u
922 4028 966 4084 his
978 4027 1147 4101 praeripere.
1168 4029 1248 4086 Unda
1265 4034 1361 4087 oratos
1377 4046 1425 4084 vos
1436 4046 1538 4085 omncs
1551 4030 1685 4085 essevolo
1696 4032 1726 4083 ιιι

77 4111 217 4191 Episcopus
244 4137 319 4175 sane
341 4119 379 4175 ad
404 4117 555 4174 ecclesiam
581 4133 728 4189 regressus
747 4118 872 4174 hostiam
921 4133 970 4173 vas
981 4117 1057 4174 istud
1068 4123 1196 4184 (urceum
1206 4118 1420 4190 demonstrans}
1428 4116 1600 4173 vestramihi
1611 4115 1727 4174 munifi·

75 4218 116 4272 pro
130 4223 162 4262 co
178 4209 343 4264 salutarem
367 4207 489 4264 Doniino
506 4206 621 4277 obtulit,
638 4209 667 4262 ct
686 4206 724 4263 ad
743 4207 872 4264 thermas
922 4205 1017 4262 centia
1031 4210 1113 4262 extra
1127 4206 1212 4264 sortis
1231 4224 1305 4264 meae
1324 4206 1492 4280 portionem
1504 4207 1725 4280 tribuat,dequc

8 4297 10 4352 ι
76 4305 189 4352 reuersus
204 4315 278 4354 eum
297 4295 419 4352 minime
435 4295 555 4352 invenit.
921 4296 1165 4352 remunerationis
1187 4295 1309 4368 premio
1333 4297 1428 4352 nullus
1451 4298 1578 4353 vestrum
1595 4295 1725 4368 ambigat

8 4377 9 4380 ’
377 4386 493 4443 CAPUT
507 4386 562 4441 Xll.
882 4369 909 4428 D
922 4402 990 4442 eum
1004 4402 1052 4443 me
1068 4385 1277 4442 retributorem
1288 4385 1439 4460 profitear,
1454 4386 1479 4442 si
1498 4386 1553 4442 hoc
1568 4401 1634 4442 cum
1648 4386 1726 4442 bona

219 4473 264 4532 De
281 4473 409 4531 Glodooei
423 4475 492 4546 repis
507 4479 568 4529 ortu
582 4480 606 4529 et
621 4491 711 4545 repro.
924 4475 1043 4550 quivero
1059 4475 1218 4548 impetrare
1233 4475 1337 4546 gratia.
1356 4492 1370 4528 s

101 4563 183 4620 Porro
196 4563 391 4633 childericus,
406 4579 456 4620 rer
469 4563 659 4632 Francorum,
674 4577 804 4634 ersupra
814 4579 874 4619 me·
958 4565 1002 4620 Ad
1011 4565 1073 4620 haec
1081 4563 1183 4619 Franci
1191 4563 1467 4637 respondentesregi
1478 4564 1625 4620 dixerunt:
1635 4585 1649 4616 ιι
1658 4563 1724 4633 llos,

8 4641 10 4712 ἶ
74 4657 172 4710 morata
180 4671 274 4710 uxore
283 4652 872 4721 suahabuitillium,nomineCludoveum.
924 4653 1057 4725 oinclytc
1068 4669 1128 4722 rex,
1140 4656 1321 4708 sacramento
1333 4652 1403 4709 olim
1416 4653 1466 4709 tibi
1479 4653 1569 4710 fidem
1584 4653 1725 4728 promisse

73 4735 125 4808 tui,
137 4746 168 4798 ut
182 4747 274 4800 aetate
291 4742 321 4797 in
337 4742 408 4810 dies,
424 4742 464 4798 sic
480 4746 509 4798 et
520 4757 637 4798 morum
649 4742 799 4798 crescebat
810 4757 874 4815 pro·
923 4741 1726 4815 recolimus,utquemortemprocorporistuisalutesub-

72 4824 158 4886 litate.
175 4833 235 4888 lloc
252 4836 400 4903 tempore,
416 4831 495 4888 lame
507 4830 601 4887 valida
615 4834 707 4888 totam
721 4832 873 4903 penessur·
923 4830 966 4887 ire
981 4831 1074 4904 parati
1085 4848 1212 4888 essemus
1224 4831 1354 4903 profiteri
1365 4830 1645 4888 nouerubuimus.Si
1654 4847 1724 4904 ergo

73 4919 198 4984 rudem
212 4920 414 4993 opprimente,
428 4920 548 4993 quidam
557 4937 591 4976 ex
601 4920 795 4988 senatoribus,
807 4919 872 4975 Edi·
923 4919 1012 4976 vitam
1027 4919 1132 4994 ipsam,
1148 4937 1212 4992 qum
1225 4920 1335 4976 cunctis
1350 4919 1464 4976 charior
1478 4923 1522 4976 est
1543 4919 1657 4992 opibus,
1671 4919 1724 4976 tibi

73 5005 872 5081 eiusnominc,De0ethominibusplacens,studuitagere
922 5009 1725 5082 iuvimus,quidmajuscritquodjusteuegemus?Sane

72 5109 123 5150 rem
134 5097 288 5168 placitam3
301 5097 394 5152 missis
402 5099 634 5170 namquepueris
642 5097 827 5170 congregavit
835 5097 873 5154 ad
922 5097 1008 5154 exhis
1018 5098 1116 5170 spoliis
1132 5114 1192 5152 non
1207 5100 1333 5169 partem,
1344 5097 1394 5152 sed
1406 5101 1501 5154 totum
1518 5101 1574 5154 tucn
1590 5095 1724 5171 potestati

73 5189 183 5252 quatuor
195 5185 295 5242 millia
307 5203 409 5243 eorum
422 5203 494 5260 quos
504 5186 589 5242 lamis
598 5185 872 5259 iuopiacoangusta·
921 5187 1067 5256 cedimus;
1078 5189 1111 5241 ιιι
1120 5186 1305 5242 voluerislac.
1316 5187 1372 5240 Αιιι
1384 5185 1479 5258 mergi
1489 5185 1657 5241 lluminibus
1674 5184 1725 5239 aut

71 5269 121 5340 bat,
137 5276 187 5332 hos
201 5279 271 5332 toto
288 5275 423 5348 egestatis
438 5278 572 5348 tempore
593 5274 719 5348 propriis
744 5274 816 5331 aluit
839 5292 871 5331 ac
920 5273 1049 5331 llammis
1061 5275 1164 5346 jubeas
1172 5274 1248 5330 tradi
1261 5274 1420 5344 voracibus,
1430 5274 1472 5329 nil
1484 5273 1521 5330 ad
1536 5290 1589 5330 uos
1601 5272 1722 5341 attinet;

73 5358 131 5418 lesit
144 5365 325 5436 sumptibus.
341 5364 472 5429 Quadam
488 5365 585 5437 itaque
602 5364 658 5434 die,
683 5364 711 5420 ci
734 5367 795 5420 tam
821 5364 870 5436 pio
922 5369 1037 5422 tantum
1053 5367 1084 5418 ut
1100 5367 1148 5420 tuo
1162 5362 1281 5419 satisfiat
1296 5363 1451 5420 desiderio.
1468 5362 1568 5418 »Tam
1590 5362 1724 5418 devotam

72 5453 141 5522 operi
155 5453 308 5510 insistenti
324 5471 375 5510 vox
402 5455 526 5527 desuper
551 5454 650 5510 audita
673 5458 726 5522 cst,
747 5455 845 5510 dicens
861 5473 868 5512 ι
921 5453 1009 5510 totius
1024 5469 1130 5526 ergase
1142 5452 1470 5509 exercitusvoluutatem
1481 5466 1551 5522 rege
1562 5449 1725 5507 admirante

73 5541 163 5606 «Quia
176 5543 315 5618 inquito
330 5543 417 5612 Edici,
433 5544 505 5600 mihi
520 5544 550 5600 in
563 5545 704 5604 membris
719 5545 792 5602 meis
806 5561 869 5601 esu·
922 5548 1009 5616 atque
1033 5542 1182 5610 laudante,
1206 5559 1279 5598 unus
1298 5558 1331 5596 ex
1352 5539 1479 5608 Francis,
1492 5538 1607 5595 levitate
1634 5535 1725 5602 animi

71 5629 147 5690 nenti
160 5631 336 5692 alimoniam
351 5633 507 5703 contulisti,
522 5634 627 5694 semini
641 5639 692 5694 tuo
707 5633 791 5710 panis
804 5650 866 5694 nnn
920 5635 1094 5704 commotus,
1111 5630 1208 5707 gladio
1232 5645 1352 5688 urceum
1371 5627 1547 5704 percutiens,
1563 5628 1601 5686 ad
1622 5640 1727 5719 regent

283 5732 399 5794 Parnon.
414 5731 543 5794 CXXXIX.
1567 5727 1599 5784 ιι
