3862 6170
61 409 95 473 tlt
674 399 784 468 dllsla
804 399 1027 464 amuconuu.
1611 409 1664 474 all

61 550 132 596 mmm
144 528 250 607 glun-am
265 523 392 588 insimul
406 527 626 588 contemnam,
635 528 741 587 Nonad
751 528 810 586 bal.
818 530 846 591 l,
899 527 947 584 llis
969 528 1010 586 ita
1020 528 1203 601 bellantibus,
1220 530 1277 588 duo
1292 530 1377 592 Gothi
1390 533 1543 607 prosiliunt
1561 547 1596 596 er
1610 538 1662 598 ad·

59 626 153 692 maula,
162 621 206 678 sed
218 622 253 678 ad
267 619 458 693 praedandum
467 636 516 676 eos
526 619 692 676 adventasse
703 617 808 674 menti-
859 632 952 681 verso,
961 620 991 674 et
1002 622 1495 692 regemnostrumlanceissuislorti
1505 627 1660 686 conamine

60 720 96 770 tur.
108 713 165 769 tila
177 708 301 766 convitiis
314 715 430 766 nestros
445 709 580 776 infamat,
603 724 670 763 sues
678 706 810 763 laudibus
858 711 1070 777 percusserunt,
1085 725 1151 764 eum
1161 726 1195 765 ex
1209 710 1367 781 improviso
1382 713 1470 768 morti
1480 714 1661 774 traderemu-

58 802 134 860 crlolht
146 797 292 854 immensis.
306 798 347 852 Ne
361 798 495 870 parrulos
509 795 808 867 suoslatrunculispo·
859 795 995 852 ditantes.
1011 796 1067 852 Sed
1079 797 1220 855 Dominus
1239 801 1510 872 omnipotenshunc
1525 806 1660 877 protexit,

57 891 112 956 ient,
129 903 197 944 mma
221 886 374 944 denuntiat
394 886 610 958 prehendenda.
637 883 682 940 Sic
697 884 807 940 substo-
858 887 887 938 et
901 883 1103 956 gloriatriplioi
1118 890 1271 958 coopertus
1285 887 1357 944 ictus
1372 891 1501 963 talespro
1512 893 1601 950 nihilo
1617 911 1660 951 re·

56 977 166 1034 mechatus
179 975 298 1032 occurrit
309 975 416 1032 nostris
428 992 488 1032 non
503 979 536 1031 ut
546 975 642 1043 feriat,
656 973 706 1029 scd
721 974 807 1030 utde-
857 972 977 1042 putarit,
994 977 1023 1028 et
1035 973 1182 1030 Alaricum
1195 975 1267 1032 laeva
1278 977 1445 1050 corripiens,
1459 980 1560 1038 adnisu
1566 983 1660 1042 valido

56 1065 141 1137 glutiam
155 1067 180 1118 et
201 1065 321 1119 vallatus
347 1063 474 1120 militum
489 1080 608 1120 auorum
622 1062 808 1118 multitudine
858 1060 976 1116 deduxit
989 1061 1130 1134 gladium,
1141 1066 1170 1118 et
1180 1061 1220 1118 sic
1234 1067 1320 1138 caput
1334 1065 1395 1136 ejus
1405 1069 1575 1142 amputavit.
1591 1072 1656 1128 Tol-

54 1157 177 1210 rostrorum
188 1151 298 1208 exuvias
312 1153 482 1225 suspirabat,
498 1153 618 1209 anhelus
628 1151 705 1224 quod
717 1151 806 1208 effuso
857 1149 956 1204 luntur
968 1149 1074 1205 iterum
1090 1151 1217 1206 rocesad
1227 1150 1332 1222 sidera,
1353 1157 1382 1210 et
1396 1158 1538 1214 renovatis
1552 1158 1660 1218 viribus

54 1241 156 1313 unguium
165 1240 347 1297 foedarentur.
363 1240 519 1314 lgnorabat
530 1240 737 1313 insanus,quod
747 1239 806 1313 ipsa
857 1237 957 1292 Franci
966 1237 1070 1294 iterum
1079 1237 1249 1295 animantur
1256 1240 1293 1296 ad
1304 1242 1555 1302 coedes.SedGothi
1566 1252 1661 1306 morte

52 1333 146 1386 cosmum
158 1329 283 1386 ductaret
296 1329 465 1398 exercitum,
487 1328 535 1401 qui
558 1345 618 1385 non
642 1328 762 1384 confidit
775 1327 807 1383 in
856 1325 898 1382 sui
909 1326 987 1397 regis
995 1325 1134 1399 inspecta,
1142 1327 1290 1384 turbinum
1299 1345 1382 1386 mora
1391 1331 1662 1406 bacillacqueditlu·

52 1417 149 1486 milibus,
159 1417 203 1490 qui
212 1420 295 1474 tonat
304 1418 333 1474 in
342 1417 478 1486 nubibus,
494 1417 542 1490 qui
553 1420 651 1474 moret
659 1417 804 1489 abyssum,
855 1414 948 1486 giunt,
976 1417 1006 1470 et
1018 1414 1153 1487 projectis
1168 1417 1258 1473 menis
1269 1416 1413 1474 incassum
1426 1421 1524 1478 abdita
1537 1439 1659 1497 qumque

52 1509 69 1560 a
77 1505 139 1560 ,alal
149 1505 175 1561 la
189 1507 269 1563 aula,
285 1506 442 1562 moderans
456 1505 544 1578 igitur
566 1505 665 1561 castris
673 1521 805 1576 egressus
855 1503 1033 1558 collustrant.
1045 1504 1089 1568 Et,
1102 1505 1133 1559 ut
1151 1503 1180 1558 in
1192 1509 1321 1561 veterum
1337 1508 1454 1564 Patrum
1465 1509 1660 1586 historialegi·

51 1593 156 1650 tumtum
177 1595 307 1666 gestabat
321 1593 351 1649 in
379 1597 507 1666 pectere,
522 1596 552 1650 et
574 1596 667 1650 toturn
682 1593 806 1649 lustrans
856 1593 1143 1658 tur,unusnostrum
1159 1608 1261 1648 eorum
1277 1595 1356 1650 mille
1380 1600 1615 1669 persequebatur,
1631 1604 1661 1658 et

51 1681 164 1736 sreniturn
178 1681 329 1738 ordinabat
342 1681 417 1738 ecies
440 1682 608 1738 electorum.
626 1681 805 1737 Fortissimus
855 1679 911 1734 duo
921 1680 1060 1751 lugebant
1069 1680 1169 1736 decem
1182 1680 1659 1760 millia.Cerneresilludimpletum

50 1769 487 1833 mlluaallal-laataaburtebatur,
500 1772 529 1824 et
547 1769 805 1840 mediocresnepa·
854 1767 931 1839 quod
945 1767 981 1822 de
996 1769 1194 1840 peccatoribus
1204 1767 1353 1842 Scriptura
1364 1775 1495 1840 testatur,
1512 1779 1576 1848 quio
1587 1784 1656 1832 secut

50 1857 364 1913 reantdiclisinformabat
373 1856 523 1913 alacribus.
533 1858 569 1912 Ut
577 1857 711 1930 egregius
722 1858 804 1912 miles
818 1853 842 1912 Β
853 1857 915 1924 licit
926 1872 986 1910 cera
1001 1873 1017 1910 a
1036 1855 1199 1927 fusteiensis,
1212 1859 1250 1911 sie
1258 1866 1370 1927 pereunt
1379 1868 1529 1930 peccatores
1552 1881 1568 1918 c
1588 1864 1659 1936 [acm

49 1945 212 2000 arteductabat
222 1945 392 2012 exercitum,
402 1944 619 2001 utiidelissimus
628 1945 804 2001 Christianus
852 1942 916 2010 Dei,
928 1950 953 1996 0²
960 1944 1033 2014 justi
1043 1943 1195 2014 eputentur,
1206 1951 1230 1999 ⁶¹
1242 1946 1359 2000 mutili
1371 1949 1398 2000 in
1406 1957 1543 2020 militm*
1554 1951 1616 2020 Dei,
1632 1960 1659 2008 ‘i

48 2032 115 2103 ,apim
129 2033 283 2106 suspirabat
297 2033 334 2088 ad
349 2034 463 2090 mlum·
475 2034 515 2090 N,
525 2037 593 2090 ang,
610 2038 725 2107 tempu,
734 2051 802 2107 pm.
852 2031 1012 2086 delectentur
1026 2033 1054 2086 in
1068 2031 1172 2087 letitie.
1191 2034 1233 2088 lta
1247 2033 1404 2090 clodoveus
1429 2036 1579 2096 inimicum
1608 2057 1655 2096 su·

46 2125 142 2192 mant
152 2139 182 2176 ex
197 2122 271 2189 acie,
288 2121 429 2178 nobilium
439 2122 579 2193 juvenum
594 2123 729 2179 ardentes
739 2124 801 2179 aul.
853 2118 965 2192 perahit
979 2120 1146 2188 exercitum,
1162 2123 1191 2175 et
1205 2135 1279 2190 pene
1304 2121 1341 2176 ad
1356 2122 1585 2182 internecionem
1610 2145 1656 2184 us·

46 2210 256 2281 malamprlmll,
274 2213 302 2264 al
314 2225 381 2265 aum
396 2210 426 2265 ia
442 2211 518 2267 bella
533 2209 675 2277 steterint,
692 2211 802 2284 gladios
853 2223 908 2279 que
923 2206 1049 2263 deduxit.
1067 2207 1099 2262 lli
1114 2224 1191 2276 vero,
1208 2208 1257 2280 qui
1270 2209 1447 2266 Francorum
1469 2213 1580 2284 gladios
1591 2232 1655 2272 eva-

45 2295 803 2372 neobliviscanturhortatur.ltudibusinsinuatqualiter
852 2298 961 2363 serunt,
979 2311 1045 2350 curn
1060 2295 1221 2351 amalarico
1248 2296 1356 2352 Alarici
1371 2298 1430 2354 filio
1453 2299 1490 2354 ad
1509 2301 1657 2373 llispanias

45 2377 121 2438 hostem
131 2385 238 2455 tenant,
259 2389 288 2441 et
300 2386 432 2460 designat
444 2388 555 2460 pariter
570 2389 719 2460 quomodo
731 2389 802 2444 ictus
852 2383 1055 2457 lll⁰s⁰30s¹¹¹¹²a
1071 2385 1100 2438 θῑ
1115 2383 1251 2439 eumdem
1274 2385 1471 2441 Amalfflssum
1489 2387 1517 2442 in
1533 2393 1656 2460 Ρᾶῑθΐῡθ

44 2467 132 2526 hosfium
145 2471 288 2528 imum
304 2473 432 2530 dissipem
445 2474 563 2531 saciant,
576 2478 694 2532 patrum
715 2479 802 2548 atqua
852 2471 1133 2527 soliosublimarunt.
1149 2470 1285 2527 Maximus
1300 2474 1397 2528 autam
1410 2477 1658 2550 Arvernorumpo-

43 2555 154 2614 minum
166 2561 280 2618 invoca,
295 2565 326 2616 up
336 2566 523 2632 succurram
544 2567 573 2620 ,l
582 2567 746 2637 respectans
754 2564 802 2619 lll.
852 2560 946 2632 pulos,
961 2558 1010 2632 qui
1022 2575 1088 2614 cum
1098 2559 1264 2632 Apollinare
1278 2560 1349 2616 duce
1362 2559 1392 2616 in
1401 2561 1579 2632 adjutorium
1589 2567 1658 2624 Ala·

44 2643 116 2700 trium
130 2651 157 2702 ut
171 2649 305 2704 vexillum
318 2649 412 2723 capiat
427 2654 455 2706 et
475 2651 572 2706 ductet
581 2652 737 2708 exercitum
749 2652 804 2707 im-
852 2647 903 2703 rici
917 2650 1045 2715 venerat,
1061 2647 1101 2702 ita
1115 2647 1145 2703 in
1160 2648 1372 2721 eodempruslio
1387 2665 1454 2706 cum
1469 2651 1566 2708 multis
1577 2671 1659 2712 sena·

42 2735 803 2812 paulun,llaasegniustariatArianos‚quamventrem
852 2735 963 2792 toribus
989 2739 1032 2790 est
1046 2735 1170 2804 attritus,
1199 2738 1230 2791 ut
1254 2737 1298 2791 rix
1321 2753 1354 2792 er
1369 2739 1452 2794 tanta
1472 2741 1656 2800 multitudine

42 2833 127 2878 ,mum
139 2824 191 2880 ,uis
206 2825 744 2898 ffispulagionlbusserlreconsumat-al
756 2845 804 2886 aa.
853 2822 971 2878 nuntius
991 2826 1162 2895 superesset,
1187 2823 1236 2896 qui
1264 2823 1318 2880 hoe
1337 2825 1472 2882 uxoribus
1498 2830 1655 2887 nuntiaret.

41 2922 83 2962 mn
95 2911 238 2985 principem
256 2913 403 2972 infelicem
418 2913 528 2970 Arium.
549 2917 584 2972 Et
594 2916 707 2973 innixus
721 2918 803 2974 hasta
852 2911 970 2966 Factum
983 2914 1027 2965 esi
1039 2911 1173 2983 Pl'ffiliuffl
1188 2909 1264 2966 istim
1277 2911 1306 2966 5¹¹
1321 2914 1597 2987 ⁰⁸¹¹¹P⁰V⁰⁸igli¹¹⁵⁰
1608 2935 1655 2974 ⁸¹¹·

42 2993 130 3052 lancos
141 3015 238 3056 omnes
252 2999 396 3069 intuetur,
411 3005 440 3057 et
454 3002 600 3075 signaculo
616 3008 723 3060 nostrae
735 3006 803 3062 ildei
852 3015 905 3073 per
924 2998 1059 3054 Clinnurn
1078 2997 1208 3067 fluvium,
1238 2997 1350 3054 decimo
1375 2999 1509 3058 milliario
1534 3004 1570 3060 ab
1586 3005 1655 3062 urbe
1764 3011 1766 3016 ’

40 3081 123 3140 fidetem
136 3087 226 3160 signat
236 3087 412 3155 exercitum,
427 3093 456 3146 et
471 3091 546 3146 utin
562 3092 837 3201 nomineDominiC
854 3087 977 3143 Pietate·

43 3166 305 3248 leriautimpreeatur.
317 3178 442 3234 Asthinc
452 3182 482 3234 et
492 3179 804 3255 indecenseriturprae·
889 3178 945 3231 Hac
963 3177 1049 3248 igliur
1061 3179 1175 3247 patrii&
1188 3175 1317 3243 Ψῑθῑῡΐῑᾶι
1331 3175 1511 3234 flliflmsuum
1525 3181 1655 3238 Theode-

42 3257 687 3338 liun,etbuaamlsuadlquaaaaaullbua‚aaalum
698 3273 804 3328 alama.
853 3264 957 3333 ricum,
972 3280 1059 3336 quem
1073 3281 1107 3320 ex
1117 3264 1596 3336 concubinagenuerat,Clodoveus
1606 3287 1657 3327 rex

43 3345 93 3400 ntus
105 3350 239 3424 impletur,
252 3355 313 3410 tela
323 3356 420 3410 rolant
430 3372 482 3428 per
496 3360 804 3431 aera,terrasanguine
854 3369 920 3408 curn
935 3355 1018 3424 parte
1032 3353 1075 3408 sui
1091 3352 1230 3408 exercitus
1244 3352 1281 3408 ad
1295 3353 1461 3410 Arvernum
1483 3356 1592 3430 dirigit,
1608 3359 1658 3432 qui

41 3442 176 3496 ducuntur,
191 3443 320 3499 Audires
334 3443 402 3498 hinc
415 3445 557 3515 gemitum
569 3447 805 3516 morientiumjl.
828 3465 831 3472 ’
856 3442 880 3496 ei
896 3441 1023 3497 civitates
1045 3445 1074 3496 et
1096 3440 1254 3513 municipia
1278 3442 1314 3497 ad
1340 3442 1513 3500 Rhodanum
1540 3445 1659 3504 fluvium

41 3519 78 3575 linc
86 3529 287 3586 vulneratorum
305 3531 441 3588 stridores
451 3532 806 3608 horrescoresfflaspitabut
855 3546 945 3602 usque
958 3529 1100 3601 subjiciat.
1111 3529 1165 3594 Qui
1181 3529 1270 3602 phiris
1283 3530 1326 3585 sui
1340 3531 1485 3587 mandatis
1507 3535 1660 3609 obtempe-

40 3607 84 3666 tine
93 3619 240 3690 exsanguis,
252 3623 283 3674 et
298 3619 666 3677 moriensvorabatterram
678 3626 805 3696 autlapt.
855 3633 920 3672 rans
935 3619 1020 3674 urbes
1033 3617 1177 3673 universas
1192 3617 1485 3675 ailnihusGothorum
1495 3625 1660 3694 usquellure

41 3697 325 3776 irs-Aliuscalcitraos,
335 3708 404 3762 duro
417 3708 442 3762 ei
452 3710 554 3764 mortis
564 3710 805 3768 tardamolimina
855 3705 994 3777 &lindiam
1010 3705 1152 3777 sagaciter
1166 3705 1328 3778 subjugavit
1340 3710 1368 3762 ef
1384 3708 1560 3766 Fl'asswrum
1576 3713 1660 3770 ditio·

40 3787 174 3863 ridereotur,
189 3795 440 3868 angustiatusprae
451 3797 806 3873 dolorevulnerummuid.
856 3794 885 3848 ni
900 3793 1055 3849 substituit.
1072 3793 1230 3849 Glodoreus
1243 3793 1331 3865 igitur
1348 3811 1398 3850 rex
1414 3797 1605 3870 burdegalem
1620 3802 1659 3857 ci·

41 3873 85 3930 dam
96 3881 206 3938 effractis
221 3883 342 3956 spiculis
365 3885 566 3958 capiebatque
581 3887 673 3942 tristia
687 3892 806 3958 pectora
855 3882 973 3937 vitatem
988 3881 1165 3949 ingrediens,
1191 3898 1243 3954 par
1258 3881 1386 3938 hiemem
1401 3883 1510 3941 ibidem
1525 3881 1661 3944 demorass

41 3964 255 4040 transverberaret,
267 3976 298 4026 et
311 3972 806 4032 tatimortisaccelerationefiniehat
855 3972 961 4037 tuaest,
970 3973 998 4024 et
1008 3969 1161 4040 fatigatum
1180 3970 1209 4024 in
1225 3969 1301 4024 bello
1314 3971 1416 4026 reiecit
1430 3973 1659 4031 exercitumfln·

40 4051 152 4112 ruinarum
166 4059 322 4116 emulatus,
341 4060 499 4116 clauuvaua
525 4062 613 4133 igitur
632 4063 745 4120 baalam
764 4065 803 4120 vl.
855 4059 890 4113 de
906 4057 1095 4130 progrediens
1109 4059 1242 4114 Tolosam
1258 4057 1371 4124 invasit,
1384 4061 1413 4113 et
1425 4059 1575 4116 thesauros
1591 4066 1660 4119 Ala·

39 4133 98 4194 trans
111 4145 201 4203 ebrios
215 4164 349 4220 quosque
365 4151 579 4219 prosternebat,
594 4154 623 4204 et
633 4167 740 4207 noman
752 4155 805 4209 lla.
854 4147 905 4202 riei
920 4146 974 4215 his,
991 4147 1038 4218 qui
1052 4145 1185 4201 eamdem
1198 4145 1375 4217 provinciam
1396 4148 1552 4216 possessuri
1567 4155 1661 4219 erant,

40 4225 87 4280 uini
98 4234 188 4305 sapius
202 4235 394 4292 inclamabat.
411 4236 541 4308 Cumque
552 4239 728 4294 Francorum
741 4242 804 4296 am.
856 4234 983 4290 dividere
998 4233 1144 4305 praecepit.
1160 4233 1289 4305 Cumque
1305 4233 1484 4289 Ecolesinam
1504 4235 1660 4308 civitatem,

40 4325 81 4366 nos
92 4319 121 4373 ad
134 4322 364 4381 talama—alanum
379 4323 485 4380 aalma
495 4325 589 4398 gantis
604 4329 708 4385 sellulis
721 4329 807 4386 mala.
857 4339 920 4394 quae
932 4321 1097 4376 rebellionis
1113 4320 1263 4375 audaciam
1276 4324 1481 4392 assumpserat,
1504 4329 1663 4410 expeteret,

38 4403 175 4465 melonibus
187 4412 407 4480 adhortaretur,
415 4417 445 4468 et
459 4413 571 4486 aliquos
580 4414 609 4469 in
619 4416 694 4472 bello
710 4393 842 4474 minusD
856 4413 885 4464 ei
900 4426 966 4465 eam
980 4408 1068 4464 armis
1083 4412 1111 4464 01
1126 4408 1275 4464 Obsidifflle
1291 4425 1457 4480 ⁰¹P¹¹8¹¹³¹⁸0
1482 4410 1661 4482 defflfflffl'ssis

38 4488 805 4577 stillaresconfortaretnlarieumeminuscoaspinerua
856 4502 967 4554 tantam
993 4497 1119 4570 gratiam
1144 4496 1170 4551 ei
1195 4496 1284 4552 virtus
1299 4496 1397 4552 divina
1424 4500 1566 4554 concessit
1588 4502 1663 4558 utin

38 4579 120 4650 alequa
135 4591 195 4656 past
208 4605 281 4644 aum
298 4588 414 4656 amisso,
431 4605 497 4644 aum
512 4591 614 4647 lancea
631 4594 764 4663 percutit,
778 4598 808 4650 at
858 4587 919 4658 ejus
934 4587 1089 4642 adventurn
1099 4585 1174 4640 muri
1184 4585 1207 4655 ej
1215 4585 1442 4641 usdemcivitatis
1450 4589 1664 4654 ruerentouod

38 4661 336 4750 ‘inglallumeaaglnaa
356 4677 427 4733 Ecca
442 4679 735 4751 fagaalafaajsalmm
753 4684 806 4738 ala.
857 4675 986 4730 ridentes
1009 4673 1156 4746 oppidani,
1184 4676 1213 4728 et
1242 4690 1305 4728 rem
1331 4673 1661 4735 divinonutuevenisse

37 4761 145 4815 tunsum
156 4767 283 4838 pupulus
298 4765 469 4833 mirabatur,
486 4771 515 4822 et
529 4766 569 4822 eis
579 4769 619 4823 ita
636 4770 808 4827 bellantibus
857 4763 1016 4830 credentes,
1033 4778 1093 4816 sese
1109 4778 1216 4833 suaque
1232 4762 1338 4816 dedere
1354 4761 1508 4827 Clodoreo,
1526 4767 1555 4820 et
1586 4766 1663 4821 urhis

38 4841 115 4899 lltlillllll
128 4853 260 4909 solatium
278 4854 478 4927 impendebat,
504 4855 674 4912 Rimabatur
688 4862 808 4931 uterque
858 4850 1052 4905 munitionem
1067 4850 1422 4921 machinispcotrivcrunt,
1441 4853 1471 4905 ei.
1489 4852 1597 4907 Gotho-i
1609 4852 1664 4908 mi·

37 4921 101 4986 laum
112 4941 240 5009 uulneris,
256 4944 288 4996 et
302 4945 472 5016 plerumque
489 4961 548 4998 non
559 4944 808 5003 inveniensaversi
858 4939 921 4995 lites
937 4938 1106 4993 munitionis
1125 4938 1255 5008 ejusdem
1270 4937 1332 5009 regi
1351 4937 1461 5009 pariter
1485 4940 1662 4999 obtulerunt.

38 5013 134 5085 tllpeuru
148 5029 245 5096 gladia
263 5028 444 5086 decurtabat,
461 5031 591 5104 cumque
606 5034 659 5088 hac
676 5034 809 5090 vlalssltu.
859 5027 935 5092 Quos
950 5043 1051 5081 omnes
1067 5026 1160 5096 capite
1174 5027 1272 5099 plexos
1287 5027 1373 5082 morti
1389 5027 1520 5096 tradidit,
1536 5033 1566 5085 et
1578 5033 1664 5103 Pyre·

38 5097 81 5158 dies
92 5111 154 5168 allas
167 5117 251 5172 altafl
266 5117 382 5172 salvam
395 5119 571 5188 succedebat,
582 5125 610 5176 at
621 5125 808 5196 utrarumque,
859 5132 937 5171 umes
951 5119 1066 5170 montes
1095 5131 1184 5186 usque
1210 5116 1387 5185 Perperaum
1403 5117 1565 5188 subjiciens,
1582 5119 1666 5176 urbes

37 5193 149 5254 talearum
167 5205 307 5275 planities
320 5205 500 5261 scinderetur
525 5209 553 5264 in
579 5213 687 5280 partes,
711 5228 747 5267 ne
764 5229 809 5268 ras
859 5209 888 5260 et
902 5203 1017 5259 castella
1037 5204 1188 5271 subruens,
1209 5203 1366 5274 municipia
1388 5221 1509 5276 qumque
1536 5206 1665 5278 depopu-

39 5274 197 5348 duceratulall
209 5293 349 5349 attactum
361 5296 722 5368 ‚antiquaefaaltatlafmtla
735 5302 810 5357 lauta
860 5294 932 5360 lans,
949 5291 1077 5363 praedam
1094 5290 1339 5346 innumerabilem
1353 5294 1382 5347 et
1403 5293 1494 5365 spolia
1507 5294 1598 5349 multa
1608 5293 1665 5350 suis

39 5369 201 5424 ltlttrruerans
218 5371 392 5444 clodoveus,
408 5376 519 5431 elevato
535 5377 653 5433 brachio
669 5396 768 5436 ensem
779 5380 810 5436 li·
861 5381 999 5436 militibus
1013 5395 1094 5450 acque
1110 5379 1290 5450 dispertiens.

40 5439 83 5503 irat
95 5453 125 5510 ad
138 5459 247 5530 vulnus,
264 5465 296 5516 ct
308 5463 427 5520 barbam
444 5469 634 5540 mentumque
654 5469 761 5543 parite:
777 5487 809 5526 ae
897 5467 942 5522 llis
958 5467 1046 5539 igitur
1060 5467 1100 5521 ita
1114 5467 1243 5539 patratis,
1260 5484 1326 5523 cum
1348 5469 1384 5524 ad
1406 5470 1498 5525 solum
1515 5469 1664 5543 proprium

42 5538 112 5596 'llum
121 5562 310 5623 manumque
323 5553 455 5625 clypeum
468 5556 609 5626 gestabat,
617 5559 808 5614 excussitAla·
859 5557 954 5614 redire
971 5554 1154 5622 deliberaret,
1169 5557 1275 5612 electos
1284 5556 1482 5628 militosatque
1495 5557 1666 5613 fortissimos

43 5625 83 5685 ni,
96 5633 283 5694 stannesiruit
299 5637 326 5694 in
341 5645 456 5713 partem
471 5659 478 5711 ;
495 5643 534 5698 ita
547 5646 733 5717 alteracaput
748 5647 809 5720 ejus
859 5662 924 5701 curn
938 5643 1062 5716 parvulis
1077 5647 1163 5714 atquo
1173 5644 1344 5698 mulieribus
1357 5643 1666 5715 adpervasascivitates

44 5724 161 5786 ruperam
175 5726 348 5787 deliberans.
861 5730 1061 5788 custodiendas
1076 5734 1105 5786 et
1120 5729 1156 5788 ed
1177 5730 1395 5805 reprimendam
1410 5731 1568 5788 Gothorum
1583 5733 1663 5790 sevi·
