3992 6180
128 421 196 478 rasa
761 383 975 472 canonicos.
989 410 1104 469 -nn
1117 407 1149 466 v.
1718 413 1787 471 rava

127 538 211 612 grani
221 537 347 596 eundem
354 536 543 594 comitantur.
552 536 615 602 Quo
624 536 654 593 in
664 537 813 596 nativitate
824 545 929 597 sancta
940 546 967 605 Α
979 541 1114 614 precipue
1127 538 1203 594 inter
1216 549 1318 592 omnes
1339 533 1462 588 amaret.
1488 528 1581 596 ouem
1596 529 1785 606 llatisponam

125 627 222 686 Murice
237 625 339 698 (Septi.
353 625 599 698 tlaprimatihus
613 627 869 686 brittannicam
884 647 931 686 rc·
979 630 1146 687 venientem
1172 621 1367 690 Gehshardus,
1384 619 1515 692 ejusdam
1531 622 1626 692 presul
1643 623 1786 697 egregius,

127 731 195 788 gem
207 715 399 783 collaudatur,
415 719 445 770 ct
457 714 487 770 in
505 715 605 774 sedem
620 717 732 788 regiam
750 733 833 772 more
849 721 932 774 ante·
980 735 1047 776 curn
1058 717 1126 774 clari
1141 717 1286 787 totiusque
1297 711 1396 785 populi
1413 709 1540 782 tripudio
1549 712 1682 783 suscepit,
1692 711 1788 786 ibique

126 819 274 862 caesorum
290 819 407 858 suorum
424 804 567 859 exaltatur
580 808 609 860 et
621 805 834 878 magnificatur.
854 807 932 863 lutc-
981 809 1087 866 lestcm
1103 805 1194 861 sancti
1209 801 1322 861 Martini
1332 799 1529 856 celebrantem
1540 797 1570 854 in
1587 799 1789 860 multisbano-

126 892 185 948 rim
201 890 353 948 branciam
368 889 494 947 revisere
510 891 748 966 insistentemque
760 893 873 968 hyemis
886 911 931 951 as·
981 895 1114 954 riticavit.

126 979 283 1052 paritatem
298 978 406 1036 ibidem
417 979 576 1050 perducere
590 985 721 1050 conatur,
738 987 770 1038 ut
787 998 853 1039 vere
873 983 931 1056 pri·
1020 987 1063 1040 lb.
1082 979 1203 1038 interim
1212 975 1419 1036 bohemiorum
1430 976 1646 1049 duxltolirlaus‚
1662 977 1730 1050 quia
1740 995 1790 1051 po-

125 1085 208 1126 mum
239 1071 350 1135 exorto,
378 1068 588 1125 herimannum
613 1070 716 1126 ducem
731 1070 761 1126 in
783 1070 932 1145 Cisalpinis
981 1073 1070 1126 testas
1085 1067 1228 1126 consortis
1253 1069 1283 1122 et
1302 1064 1472 1122 successoris
1494 1070 1538 1121 ost
1557 1081 1675 1138 semper
1687 1067 1791 1140 pavida

1 1165 11 1231 *j
126 1157 259 1228 partibus
277 1155 331 1212 sihi
349 1157 444 1212 solum
457 1157 640 1214 resistentem
650 1159 677 1214 vi
689 1161 807 1232 cogeret
818 1160 930 1218 cedere.
981 1160 1096 1232 (Lucan,
1117 1175 1138 1226 r,
1161 1157 1219 1227 92),
1240 1153 1414 1211 taremirunr
1438 1153 1561 1210 tratrem
1586 1155 1789 1224 eunuchizans,

126 1244 182 1310 Qui
197 1245 235 1302 ds
248 1243 376 1301 vindicte
382 1245 443 1314 liei,
455 1262 544 1318 quam
553 1246 583 1302 in
591 1249 753 1320 argentina
760 1249 931 1320 promeruit,
978 1247 1186 1321 junioremque
1201 1242 1377 1300 othelricum
1395 1250 1431 1286 ⁰¹¹
1440 1242 1469 1297 in
1478 1243 1579 1299 termis
1593 1242 1735 1302 suffocare
1746 1261 1792 1301 cu·

2 1344 8 1351 “
127 1335 255 1392 multum
267 1332 396 1400 timidus,
408 1335 608 1408 populumque
623 1341 742 1410 propter
753 1353 783 1392 se
797 1338 934 1394 lahoran-
983 1338 1076 1410 piens,
1088 1351 1147 1392 una
1157 1350 1223 1392 cum
1231 1335 1325 1388 matre
1333 1330 1452 1388 eosdem
1463 1331 1559 1405 patria
1566 1332 1684 1406 expulit,
1700 1334 1790 1389 solus·

2 1437 6 1441 ’
125 1427 189 1479 tcrn
205 1438 263 1478 non
280 1422 404 1494 amptius
414 1422 571 1492 sustinens,
584 1439 636 1496 per
648 1425 933 1482 intercessoreslldos
984 1441 1040 1499 que
1052 1424 1112 1481 vice
1127 1421 1252 1481 basilisci
1265 1419 1343 1478 noxii
1352 1435 1490 1492 regnans,
1507 1422 1647 1494 populum
1660 1420 1791 1478 ineffabi-

7 1524 15 1590 ᾗ
126 1511 183 1568 sihi
197 1510 311 1583 suisque
323 1510 485 1568 fautoribus
499 1511 577 1584 regis
588 1513 711 1584 gratiam
726 1515 861 1586 postulat.
984 1515 1050 1570 liter
1064 1511 1243 1570 constrinxit.
1258 1509 1311 1575 Qui
1319 1509 1435 1583 pondus
1444 1507 1516 1564 illati
1529 1508 1666 1565 facinoris
1686 1509 1793 1566 diutius

166 1601 210 1654 lii.
226 1598 284 1655 Sed
296 1603 454 1672 autequam
478 1599 508 1656 id
530 1601 566 1656 ah
591 1617 625 1656 eo
642 1601 834 1659 deliberatam
849 1605 933 1672 emet,
984 1603 1061 1660 ferre
1077 1619 1137 1660 non
1153 1603 1262 1669 valens,
1283 1597 1499 1668 Wlodovveium,
1529 1597 1579 1672 qui
1592 1603 1711 1670 potestas
1722 1615 1792 1654 erer-

4 1705 11 1713 ·
130 1687 266 1761 quasdam
287 1704 334 1744 ras
349 1689 386 1744 ah
403 1689 573 1744 Alamannis
589 1693 757 1762 perpetrata
775 1694 859 1760 est,a
877 1708 933 1748 no·
985 1695 1053 1749 citus
1068 1692 1288 1764 interpretatur,
1313 1685 1465 1744 aPolcnia
1486 1686 1562 1744 clam
1584 1701 1700 1754 vocans,
1716 1687 1791 1760 aspi·

127 1777 174 1834 his
189 1793 247 1834 non
271 1777 476 1848 pretereunda.
502 1777 674 1846 Gcrhardus,
703 1795 800 1836 comcs
820 1779 935 1836 hisatius
986 1783 1053 1838 dem
1072 1782 1258 1848 venenatam,
1281 1777 1389 1850 absque
1405 1775 1486 1833 omni
1506 1774 1580 1847 legis
1599 1775 1706 1846 pietate
1725 1791 1791 1832 suos

129 1867 216 1938 (627),
233 1869 351 1940 accepto
364 1882 463 1938 aroge
478 1866 607 1938 quodam
618 1867 756 1923 comitatu
766 1868 870 1940 prelati
881 1868 936 1924 du·
949 1855 1170 1937 Btractantem,
1190 1869 1267 1924 hunc
1291 1866 1323 1921 in
1349 1865 1448 1922 sedem
1470 1863 1579 1921 basilici
1605 1863 1691 1933 illius,
1706 1864 1792 1921 idest

13 1977 16 1980 ·
128 1956 183 2023 ais,
199 1971 264 2012 cum
279 1955 400 2012 domurn
414 1954 536 2022 rediret,
548 1956 630 2027 juxta
644 1971 733 2012 unam
742 1957 858 2014 urbium
872 1973 935 2014 cas·
985 1957 1128 2027 bolizlavi,
1142 1957 1254 2029 dejecto
1266 1973 1312 2024 eo,
1325 1953 1585 2026 consanguinitatis
1596 1951 1674 2009 linea
1686 1957 1715 2009 et
1730 1953 1793 2026 pie·

10 2065 18 2072 ’
129 2049 177 2100 tra
190 2045 315 2100 metatus
329 2047 383 2102 est.
405 2045 430 2100 A
452 2059 509 2116 quo
532 2044 636 2100 urbani
655 2060 756 2116 pacem
778 2045 823 2101 vix
844 2062 934 2102 unam
984 2049 1054 2104 tatis
1069 2045 1173 2103 affectu
1188 2043 1367 2102 unanimiter
1376 2044 1501 2099 electum
1511 2042 1670 2098 collocavit.
1682 2042 1791 2115 nequo

9 2125 19 2158 ²³
128 2135 250 2192 noctem
265 2131 466 2204 impetrantes,
477 2131 584 2204 egressi
604 2135 672 2188 sunt
685 2133 783 2190 dolose
797 2133 878 2206 quasi
897 2134 935 2192 ad
985 2153 1049 2194 rem
1064 2151 1155 2190 unam
1178 2132 1380 2190 incredibilem
1395 2131 1471 2198 dico,
1491 2131 1541 2187 sed
1553 2147 1612 2188 non
1623 2131 1792 2188 aliauichri-

6 2219 11 2254 ³
128 2221 319 2296 colloquium,
335 2221 385 2276 sed
397 2237 498 2278 revera
507 2221 545 2276 ad
554 2221 774 2294 explorandum.
796 2223 935 2296 liquibus
985 2225 1078 2282 stiano
1093 2221 1277 2292 imitabilem,
1301 2220 1380 2295 quod
1405 2220 1452 2275 hic
1469 2235 1631 2292 numquam
1645 2219 1707 2276 sine
1720 2223 1791 2293 potu

130 2310 375 2368 unuscalliditate
388 2325 462 2382 eque
480 2326 514 2365 ac
528 2310 678 2367 velocitate
693 2327 814 2384 persepe
828 2311 936 2384 proba·
986 2329 1075 2368 unam
1092 2312 1195 2368 horam
1217 2311 1376 2384 perdurare
1396 2308 1529 2365 valuerit.
1557 2307 1614 2364 Sed
1641 2307 1790 2378 Bolizlaus,

12 2397 18 2430 '-
127 2399 305 2471 tiupropius
327 2398 454 2466 accessit,
471 2398 698 2472 signiferamque
717 2399 935 2473 lanceamque
986 2417 1050 2475 quse
1066 2399 1270 2473 solaviaiugac
1285 2397 1388 2471 patuit,
1405 2397 1442 2453 ad
1461 2395 1628 2453 lleinricum
1647 2395 1790 2452 marchio-

2 2492 21 2569 ‘J
127 2488 307 2545 heneficium
321 2488 402 2544 ducis
413 2503 511 2544 comes
522 2488 781 2561 idcmacccperata
794 2505 874 2561 rege,
884 2504 934 2545 oo·
985 2507 1066 2557 nem,
1075 2489 1124 2562 qui
1140 2487 1290 2560 proximus
1300 2485 1326 2542 ei
1340 2489 1409 2542 tnnc
1419 2484 1524 2553 luerat,
1537 2481 1716 2557 confugiens,
1724 2497 1791 2555 pro-

127 2593 198 2634 rarn
210 2576 338 2634 tentorio
350 2577 411 2649 ejus
421 2576 548 2645 allisam,
565 2577 703 2634 elevando
719 2577 931 2651 circumspexit,
985 2580 1050 2652 pter
1063 2578 1158 2634 illatas
1177 2576 1230 2632 sihi
1242 2573 1409 2648 inJuriasah
1422 2589 1458 2630 eo
1472 2576 1573 2646 captus
1587 2574 1644 2642 est;
1661 2575 1793 2644 postmo-

8 2697 13 2705 ›
124 2666 166 2722 ad
182 2665 376 2738 ultimumque
387 2681 453 2720 cum
466 2682 501 2721 ea
514 2667 616 2722 urbem
631 2681 756 2736 securus,
767 2667 876 2722 cunctis
890 2665 933 2722 in·
985 2666 1067 2730 darn,
1080 2665 1148 2738 qnia
1162 2665 1267 2738 hospes
1281 2679 1317 2720 eo
1328 2662 1497 2731 advenerat,
1510 2659 1653 2729 dimissus,
1665 2660 1702 2716 ad
1715 2655 1794 2736 equi·

1 2769 16 2792 ¹-
125 2770 244 2810 cassum
259 2771 337 2828 pona
352 2761 387 2796 ⁸¹¹
402 2753 730 2826 sequentihus,intravit.
743 2757 775 2810 ln
786 2755 933 2812 urhemox
982 2770 1086 2811 vocum
1102 2769 1186 2811 svvnm
1201 2752 1357 2826 amitaeque
1372 2750 1475 2820 illium,
1491 2749 1521 2805 in
1542 2747 1697 2805 sceleribus
1710 2763 1791 2805 com·

124 2841 268 2899 exultatio
286 2858 395 2914 magna
408 2841 563 2906 extollitur.
578 2846 662 2915 porta
673 2843 823 2910 clauditur,
835 2859 932 2899 comes
984 2859 1096 2916 parem,
1111 2842 1179 2898 licet
1196 2838 1382 2898 facultatibus
1400 2839 1557 2912 disparem,
1571 2835 1637 2892 vitm
1653 2837 1792 2893 duntaxat

124 2930 211 3004 quasi
225 2931 336 2986 honore
347 2929 686 3003 privatusirridetur.0ui
699 2931 823 2987 eandem
836 2931 932 3004 primo
985 2947 1085 2989 amore
1098 2931 1233 3005 perrexit.
1246 2932 1301 2986 lste
1315 2931 1414 2984 autem
1425 2926 1531 3001 potiori
1540 2943 1607 2982 usus
1621 2923 1792 2994 consilio,ad

124 3018 263 3076 dulcibus
280 3018 428 3091 promissis
446 3019 553 3074 trustra
571 3022 716 3092 temptans
728 3018 868 3092 recipere,
882 3017 933 3076 sed
984 3037 1086 3094 regern
1093 3013 1790 3092 Ratisponmadhuccommorantomproliaiscons,

1 3130 24 3159 :—
124 3107 186 3162 illis
197 3106 369 3178 negantibus
381 3107 538 3174 redditum,
555 3107 644 3164 tristis
659 3107 739 3178 abiit,
755 3113 816 3164 tam
830 3123 934 3164 vacuus
949 3145 973 3208 G
986 3125 1053 3164 cum
1065 3107 1168 3166 humili
1182 3105 1360 3178 subjectione
1373 3107 1403 3160 ct
1415 3103 1494 3160 fideli
1508 3101 1702 3176 promissione
1716 3103 1792 3158 hunc

3 3239 15 3252 Α.
125 3213 148 3252 a
158 3195 303 3252 henetlcio
318 3211 406 3268 quam
418 3212 436 3251 a
448 3195 567 3251 militari
581 3194 674 3266 signo.
986 3197 1017 3253 in
1033 3196 1187 3254 dominnm
1201 3195 1298 3268 elegit,
1315 3197 1344 3251 st
1358 3211 1423 3268 qum
1435 3191 1589 3266 postulavit
1602 3193 1639 3248 ab
1653 3207 1688 3248 eo
1699 3192 1729 3250 in
1742 3193 1791 3248 hc·

8 3333 13 3340 ,
166 3286 212 3340 lh.
228 3285 319 3341 Fuere
333 3283 363 3339 in
385 3283 442 3340 alia
464 3284 580 3339 civitate
601 3282 805 3351 munitissima,
818 3282 936 3340 Brirach
988 3285 1122 3342 ncllcium
1140 3282 1475 3359 acquisivit,etahitusin
1489 3281 1791 3351 omnibuscaritatrve,

10 3395 15 3428 t
124 3373 219 3440 dicta,
235 3371 362 3445 episcopi
375 3371 443 3440 duo,
458 3371 678 3443 Argentinensis
691 3374 721 3427 et
733 3370 937 3427 basiliensisad
988 3374 1142 3430 revertitur
1159 3389 1226 3430 curn
1243 3373 1322 3429 hona
1335 3387 1417 3444 pace.

9 3469 16 3521 ἒ
125 3461 306 3534 presidium,
322 3476 446 3533 quorum
459 3460 548 3516 milite
567 3459 686 3516 cottidie
701 3460 738 3516 oh
759 3459 937 3532 acquirenda
1026 3465 1069 3518 ld.
1083 3463 1157 3520 [tam
1170 3463 1231 3518 baeo
1247 3463 1384 3535 aguntur,
1398 3461 1567 3534 hartwigus,
1584 3461 1620 3518 de
1635 3477 1693 3536 quo
1708 3477 1794 3534 supe-

11 3573 21 3608 :
124 3564 274 3622 equorum
285 3549 390 3623 pabula
401 3548 507 3604 armati
513 3547 589 3604 exire
603 3547 745 3604 solebant.
756 3547 839 3612 Quod
850 3547 935 3604 amici
988 3550 1048 3608 rius
1061 3551 1131 3620 dixi,
1142 3550 1179 3607 de
1191 3549 1383 3625 prosperitate
1403 3553 1433 3606 et
1444 3549 1569 3608 adventu
1579 3551 1655 3624 regis
1668 3549 1792 3608 heinrici

1 3669 16 3702 ι
127 3641 215 3697 ducis
236 3646 321 3698 caute
348 3639 577 3707 considerantes,
597 3654 632 3694 eo
656 3641 800 3711 tempore,
817 3653 874 3710 quo
896 3636 937 3692 hii
989 3640 1147 3696 admodum
1157 3640 1295 3708 annosus,
1307 3654 1411 3695 omnes
1422 3637 1557 3695 introitus
1571 3639 1792 3712 Lorrgohardiae,

4 3789 11 3796 ,
124 3730 283 3802 paulutum
290 3730 499 3801 precesserant,
510 3726 598 3783 simili
612 3725 713 3782 habitu
732 3725 937 3798 sarcinatisque
988 3727 1037 3800 qui
1059 3729 1096 3785 ah
1119 3728 1223 3785 accolis
1245 3729 1331 3783 clusae
1348 3730 1498 3796 vocantur,
1521 3726 1649 3799 vigilanti
1663 3727 1794 3784 custodia

10 3873 21 3884 ,,
123 3818 214 3892 equis
226 3817 263 3873 ad
276 3817 378 3873 urbam
392 3817 542 3872 cantantes
556 3817 692 3888 pergunt,
714 3816 744 3868 st
758 3829 810 3886 pro
823 3813 906 3870 sociis
920 3830 937 3868 a
988 3816 1134 3876 tirmahat.
1148 3816 1214 3885 Qui,
1227 3818 1259 3871 ut
1270 3814 1474 3888 superiusdixi,
1488 3815 1640 3871 eleccionis
1651 3831 1710 3870 suae
1722 3831 1794 3870 con-

124 3905 299 3962 custodihus
308 3904 554 3960 intromittuntur.
564 3903 703 3974 ProJcctis
716 3901 781 3957 ilico
790 3902 936 3970 oneribus,
988 3903 1129 3960 siliatores
1141 3906 1171 3959 ct
1182 3903 1359 3970 leutbranni
1370 3902 1583 3975 digniluerant‚
1595 3904 1719 3958 tractare
1732 3919 1792 3958 non

1 4035 9 4043 .
125 4010 243 4067 magua
266 4009 334 4050 voca
349 4009 379 4050 se
401 3993 498 4048 hostes
525 3991 722 4058 manifestant,
741 3989 939 4063 episcopisque
989 3990 1793 4064 desistebat.lntorquosbrixiensemepiscopum,aliqna

1 4119 19 4154 ,5
124 4083 177 4140 vix
193 4081 309 4155 elapsis,
325 4080 425 4138 omnia
437 4079 588 4152 diripiunt.
603 4080 738 4136 Posthac
746 4079 938 4135 herimannus
989 4097 1054 4155 qum
1068 4081 1121 4139 sihi
1133 4081 1324 4154 displicebant
1338 4081 1517 4153 loquentem,
1543 4079 1653 4154 capillis
1667 4079 1793 4152 eripiens

5 4209 17 4244 -·;
125 4173 201 4240 dux,
217 4170 319 4228 matris
331 4185 406 4226 macc
417 4169 552 4227 avunculi
563 4167 648 4238 tilius,
663 4167 770 4236 divina,
777 4171 809 4224 ut
815 4167 936 4240 predixi,
990 4173 1020 4226 et
1030 4171 1177 4227 solotenus
1189 4172 1221 4228 ut
1235 4177 1270 4214 ⁰¹³
1282 4169 1440 4226 bubulcum
1453 4169 1589 4238 deiciens,
1603 4169 1712 4226 cunctis
1723 4169 1794 4224 inel-

10 4329 15 4336 ,
125 4259 357 4332 compunctione
373 4257 510 4316 Kalendis
523 4257 654 4314 Octobris
668 4256 878 4330 Bruselmltittt)
891 4273 939 4313 re·
988 4259 1134 4316 frenatam
1159 4259 1354 4316 manifestavit
1373 4257 1458 4315 iram.
1481 4257 1538 4315 Sed
1561 4257 1631 4331 quid
1654 4275 1721 4314 eum
1734 4257 1793 4314 sin·

14 4413 18 4420 ¹
123 4349 163 4422 gi
176 4347 328 4406 humiliter
351 4351 548 4420 presentatur.
562 4345 783 4402 hliserioorditer
795 4345 856 4418 ejus
871 4363 938 4418 gra·
989 4347 1062 4421 gulis
1076 4347 1149 4404 vitiis
1164 4346 1400 4404 circumscribere
1414 4363 1514 4415 conor,
1534 4362 1600 4402 curn
1615 4346 1646 4401 in
1660 4362 1751 4418 regno
1764 4349 1794 4402 et

125 4437 206 4494 tiam
216 4437 396 4510 impetravit,
411 4441 440 4492 ct
452 4436 482 4492 in
492 4435 671 4492 beneficiost
682 4434 712 4490 in
723 4434 858 4490 omnihus
868 4433 937 4507 justi
949 4465 976 4525 D
989 4436 1096 4509 populo
1111 4440 1325 4510 appareatque
1338 4437 1423 4494 turha
1433 4434 1593 4508 iniquitatis
1607 4435 1643 4491 ad
1656 4436 1716 4491 huso
1732 4451 1795 4508 per·

127 4525 272 4582 desiderii
281 4525 692 4598 satisfactionempsrsolvens,
702 4527 820 4596 excepto
827 4528 939 4596 Argen·
989 4525 1133 4596 petranda
1146 4541 1213 4581 eum
1230 4524 1408 4582 armaverit?
1422 4522 1503 4581 Unde
1518 4524 1674 4580 nonnullos
1683 4523 1794 4596 priores

124 4617 203 4672 tinas
219 4616 361 4690 dampno,
378 4615 456 4688 quod
470 4613 547 4670 idem
556 4614 637 4685 jussu
647 4615 676 4668 ct
688 4612 808 4670 consilio
819 4613 939 4685 regisds
988 4620 1025 4656 ⁸¹⁴
1038 4613 1093 4669 sihi
1108 4614 1271 4687 suppositos
1286 4613 1361 4687 (dit)
1371 4612 1517 4669 commissi
1543 4611 1687 4686 poenituit,
1701 4615 1731 4668 et
1742 4629 1796 4686 per

126 4722 186 4760 sua
197 4705 364 4777 propietate
375 4707 404 4760 et
417 4702 564 4760 abbatiam
579 4702 609 4756 in
631 4702 734 4758 cadem
760 4703 831 4758 urhe
853 4702 939 4758 sitam
989 4699 1190 4758 internuncios
1203 4707 1233 4758 el
1247 4718 1298 4775 per
1308 4701 1418 4758 litteras
1428 4700 1576 4757 Heinricus
1585 4718 1686 4774 regem
1697 4701 1734 4757 ad
1744 4700 1795 4759 de·

126 4793 291 4866 reparavit,
307 4793 391 4850 miles
405 4795 436 4848 ct
449 4791 558 4848 amicus
573 4791 634 4863 ejus
650 4790 867 4847 liduseilioitur.
883 4790 941 4846 lliis
988 4788 1144 4846 ferendum
1156 4807 1187 4846 se
1203 4789 1300 4846 venire
1310 4790 1465 4862 rogabant,
1480 4793 1571 4848 autoo
1581 4789 1611 4845 in
1628 4789 1690 4846 allis
1703 4805 1796 4865 nego-

127 4885 177 4940 ita
191 4881 349 4954 dispositis,
362 4897 411 4936 rex
424 4879 461 4935 ad
477 4878 634 4935 bavariam
644 4879 822 4950 perrexit,ut
837 4878 878 4934 eis
889 4879 940 4934 ad·
990 4879 1036 4934 tiis
1051 4881 1202 4953 occupato,
1231 4877 1377 4952 principes
1397 4895 1463 4936 suos
1478 4880 1609 4936 mitteret
1622 4887 1669 4937 ⁰¹⁸.
1685 4879 1795 4936 ilerum

127 4973 226 5028 ventu
239 4986 291 5025 sno
307 4972 336 5025 et
350 4969 432 5025 omni
447 4968 566 5025 caritate
578 4967 780 5036 innotesceret,
796 4967 874 5040 quod
892 4983 941 5024 eos
990 4967 1153 5026 necessitati
1165 4967 1202 5024 ad
1216 4969 1443 5028 succurrendum
1458 4970 1523 5026 Otto
1552 4969 1744 5028 Carentorum
1759 4977 1796 5018 Μ

363 5151 375 5172 .
796 5087 920 5146 VARIAE
938 5088 1142 5146 unctuosius,

168 5221 206 5260 ⁸¹¹
221 5229 297 5288 pene
311 5216 339 5271 2.
354 5212 460 5286 sepius.
475 5219 511 5257 Μ
532 5207 684 5269 otslricum
701 5213 728 5267 2.
748 5215 784 5255 ⁸¹³
797 5210 837 5268 ita
863 5208 903 5268 Α.
920 5207 954 5269 S.
976 5207 995 5265 l.
1010 5205 1029 5267 l.
1044 5207 1090 5267 nd.
1115 5210 1132 5268 2
1151 5213 1187 5256 ⁰¹⁴
1205 5210 1285 5273 tunc.
1313 5209 1378 5270 cdd.
1397 5210 1438 5272 A.
1457 5209 1491 5270 S.
1508 5219 1544 5257 ⁸¹⁸
1562 5208 1677 5269 mittere
1695 5207 1735 5266 A.
1763 5205 1794 5267 S.

1 5319 6 5326 ·
126 5296 169 5332 ἰ·
189 5288 393 5344 mrreutorum
409 5289 436 5341 2.

909 5401 1016 5459 NOTAE

170 5514 425 5600 (cunderammi,
439 5512 595 5596 Everhardi
607 5510 723 5594 hisatius
737 5509 943 5593 comitalibus,
1029 5509 1104 5582 (628)
1122 5509 1267 5594 Bruchsal‚
1283 5509 1332 5567 uhi
1346 5507 1468 5594 rethc.
1485 5509 1506 5590 3.
1515 5505 1579 5566 luit.

128 5605 185 5662 qur
200 5587 321 5642 duxerat
340 5586 438 5654 Evam,
452 5585 542 5640 tiliam
557 5582 687 5655 sigifridi
705 5584 824 5638 cornutis
842 5581 944 5638 anth·
1028 5583 1104 5658 (629)
1120 5583 1142 5640 l.
1156 5599 1183 5646 s.
1201 5585 1339 5657 pumates
1353 5582 1407 5643 sibu
1425 5578 1564 5638 subditus.

127 5657 298 5730 burgensis,
313 5655 498 5731 Cunegundis
509 5653 701 5729 imperatricis
714 5668 860 5716 sororem.
