3992 6180
118 429 179 492 tall
735 427 945 496 canonicos.
963 467 1000 483 -
1017 437 1084 498 lta.
1102 437 1148 498 Vl.
1692 444 1771 506 ‘fifh

119 557 212 631 spele
228 555 504 632 sangermanensem
516 555 958 634 (hiltisneatemasnsrsmmeh
973 557 1044 637 'pera
1067 557 1214 638 carpebat,
1241 557 1320 623 hona
1345 577 1469 641 quaeque
1493 563 1624 624 laudans.
1640 563 1703 625 flon
1715 565 1772 627 fuit

118 647 424 706 lorilersce'redess'dero.
438 649 637 722 Aquihnshoo
647 665 737 705 unum
746 651 862 724 percepi
871 665 916 707 re·
967 652 1046 726 apud
1062 654 1219 710 modernos
1232 656 1423 728 ulluspastor,
1440 655 1489 730 qui
1502 655 1695 713 confratribus
1712 651 1770 716 suis

115 753 257 809 sponsum
271 754 279 793 :
291 736 461 793 walterdum
470 738 580 794 aeduin
592 739 762 796 decorumst
771 739 918 796 carismate·-
966 739 1138 798 familiarior
1147 747 1232 802 esset.
1249 745 1306 800 llos
1320 744 1428 800 amarit
1443 747 1529 817 atque
1543 757 1641 802 coram
1656 741 1770 819 populis

114 825 343 899 stitamels'pimus.
358 826 410 883 llio
426 830 496 883 tunc
510 827 699 896 confirmatis,
719 829 768 886 illa
782 829 914 898 surrexit,
966 829 1092 886 laudauit
1105 839 1153 875 ¹⁸⁰1
1180 833 1213 888 ln
1228 833 1323 904 primu
1337 833 1528 890 ordinationis
1537 849 1595 890 suta
1604 848 1681 892 annu
1692 836 1769 892 tom·

114 918 143 970 et
162 930 262 971 coram
277 917 438 988 prostratus
453 915 564 972 reniam
581 916 673 988 petiit,
687 916 814 973 divinam
824 917 916 972 intar-
965 916 1048 990 plum
1065 919 1190 975 Domine
1206 919 1341 976 edificare
1349 919 1434 993 cepit.
1452 919 1619 977 Presbiteris
1632 925 1660 976 el
1676 921 1770 979 disco·

112 1004 227 1076 pellens
238 1003 388 1076 pietatem,
402 1006 434 1059 ut
446 1004 508 1060 hac
526 1005 609 1061 nohis
621 1006 757 1061 omnibus
773 1005 914 1063 retribue·
965 1005 1049 1062 nibus
1061 1007 1196 1065 vestitum
1205 1007 1310 1065 suimet
1320 1013 1336 1067 8
1347 1008 1431 1077 siclis,
1439 1008 1660 1083 subdiaconibus
1669 1011 1768 1068 autom

113 1107 145 1148 re
160 1091 340 1164 dignaretur,
350 1095 407 1148 eta
420 1097 560 1165 snnparte
570 1094 648 1150 huns
658 1094 791 1165 promisit
804 1094 913 1150 omniu.
965 1097 995 1151 et
1007 1095 1168 1152 infantibus
1179 1097 1255 1168 (770)
1269 1100 1287 1154 4
1302 1099 1428 1155 adauxit.
1450 1099 1508 1154 Nisi
1523 1098 1676 1156 infirmitas
1690 1099 1768 1156 ohsi-

112 1180 190 1235 'fune
205 1193 260 1252 ego
271 1196 319 1235 ma
327 1179 471 1236 inclinans
485 1182 585 1255 rogavi
600 1198 667 1238 eum
681 1197 733 1255 per
743 1197 851 1238 nomen
863 1184 916 1238 llo-
965 1187 1064 1252 steret,
1080 1185 1160 1240 omni
1188 1185 1235 1240 die
1248 1185 1365 1242 missam
1381 1190 1411 1244 et
1424 1187 1593 1260 psalterium
1619 1185 1767 1258 cantavit;

114 1267 187 1324 mini
201 1270 233 1322 et
243 1283 295 1341 per
306 1284 382 1325 verae
398 1269 589 1353 fraternitatis
603 1285 745 1337 amorem,
764 1274 795 1326 ut
819 1270 916 1327 eccle-
965 1275 995 1328 et
1009 1272 1077 1345 quia
1081 1273 1218 1344 jejunare
1232 1274 1269 1330 oh
1282 1275 1483 1332 lassitudinem
1498 1291 1559 1332 nun
1580 1273 1686 1348 potuit,
1707 1275 1767 1334 ele·

111 1355 161 1412 sia
178 1353 300 1412 meimet
314 1356 473 1414 admodum
487 1358 653 1430 despoliatae
668 1358 849 1430 parrochiam
862 1357 915 1415 sihi
965 1360 1145 1416 mosinarum
1161 1361 1347 1418 multitudine
1359 1363 1493 1418 redemit.
1522 1363 1667 1436 invigiliis
1681 1376 1769 1437 supra

109 1445 186 1516 juste
205 1443 401 1517 pertinentem
411 1446 434 1501 si
448 1447 485 1502 ad
499 1447 577 1504 hunc
590 1448 914 1521 pervepirathonorem,
965 1448 1087 1504 modum
1104 1448 1228 1516 laboral,
1245 1452 1275 1504 et
1285 1449 1352 1522 qula
1366 1463 1470 1522 parum
1488 1451 1663 1508 manducare
1671 1449 1768 1522 fillo)

112 1531 274 1600 restituere,
286 1535 317 1589 at
325 1533 378 1590 sihi
386 1535 544 1610 hunecum
555 1535 617 1592 aliis
627 1536 712 1591 rebus
726 1535 795 1591 inde
808 1535 917 1592 abstra-
966 1537 1003 1594 ob
1032 1535 1236 1593 infirmitatem
1255 1537 1388 1594 dentium
1418 1539 1523 1610 putuit,
1544 1542 1616 1611 potu
1638 1537 1770 1613 quamvls

111 1620 165 1676 ctis
175 1620 504 1678 volarissetsacramentis
516 1623 644 1679 firmare.
658 1622 716 1679 linc
731 1623 802 1679 mihi
812 1623 842 1678 in
854 1639 918 1695 pre·
966 1623 1107 1680 mediocri
1118 1624 1203 1680 facile
1218 1626 1350 1681 saciatur.
1375 1624 1489 1682 Nobiles
1504 1640 1611 1700 genere
1638 1629 1669 1682 ct
1683 1625 1770 1684 mori-

112 1707 205 1764 santia
219 1708 351 1764 omnium
366 1708 490 1765 lirrniter
501 1710 644 1780 promisit.
662 1709 781 1766 interim
795 1711 917 1766 lassatus
966 1713 1019 1769 bus
1033 1711 1150 1780 amauit,
1164 1712 1308 1785 ignobiles
1326 1716 1424 1769 autem
1439 1727 1499 1770 non
1518 1715 1704 1786 contempsit,
1719 1715 1770 1774 sad

112 1798 148 1854 oh
160 1796 266 1854 itinere
294 1799 393 1871 presul
406 1797 523 1856 flerims
548 1796 695 1866 dormivit,
716 1801 746 1854 at
768 1797 917 1871 episcopua
966 1800 997 1857 in
1010 1817 1061 1856 sna
1076 1800 1273 1857 familiaritate
1286 1817 1345 1857 non
1362 1809 1410 1846 ¹⁸⁰¹
1426 1800 1673 1859 hahuit.Culteres
1688 1801 1769 1860 Chri-

112 1885 195 1958 Wigo
210 1885 339 1954 venians,
366 1885 537 1943 eiectionem
559 1891 688 1943 nostram
716 1886 914 1944 consolidavit.
967 1889 1002 1944 sti
1014 1889 1122 1958 dilexit,
1139 1893 1357 1963 contemptores
1369 1892 1467 1946 autem
1484 1891 1545 1962 ejus
1567 1891 1646 1964 justo
1671 1905 1771 1965 persu-

111 1973 232 2030 lfittitur
257 1975 371 2031 anobis
387 1975 598 2031 omnibustunc
611 1977 705 2031 custos
719 1975 854 2032 acclesiae
861 1976 914 2029 lie-
928 1968 954 2027 B
966 1977 1064 2051 quitur
1078 1978 1156 2034 odio.
1175 1978 1280 2034 Omnia
1293 1978 1348 2034 sibi
1364 1979 1499 2035 divinitus
1516 1979 1672 2035 commissa
1685 1992 1771 2036 exeo·

112 2059 217 2134 dingus
237 2069 284 2108 ¹¹⁰⁸
312 2063 349 2118 ad
365 2079 477 2136 regem,
490 2067 522 2119 ut
536 2079 651 2119 memor
665 2063 783 2120 Domini
797 2066 827 2118 et
840 2063 914 2118 anti·
965 2065 1020 2121 luit
1038 2068 1067 2120 ct
1082 2066 1186 2121 lucrari
1206 2065 1364 2122 contendit.
1385 2069 1549 2139 Antequam
1574 2066 1704 2125 divinum
1719 2081 1772 2142 pe·

111 2165 178 2222 quse
193 2151 402 2222 promissionis,
418 2153 441 2208 si
457 2167 596 2226 nmquam
611 2152 651 2208 sic
665 2151 915 2218 accidissetfami·
964 2157 1082 2225 rugaret
1096 2153 1258 2209 misterium
1274 2162 1334 2222 ¹⁸⁰⁸,
1350 2169 1464 2211 severus
1478 2154 1548 2224 fuit;
1572 2157 1602 2212 et
1619 2159 1686 2228 post
1706 2169 1770 2212 om-

111 2239 183 2294 liam
197 2239 289 2296 sancti
304 2240 432 2297 Mauricii
450 2241 584 2298 orbatam
600 2239 916 2297 etnimistristcmtan-
965 2242 1049 2298 nibus
1063 2243 1163 2298 hilaris
1177 2240 1283 2310 arrisit,
1299 2246 1329 2300 st
1340 2257 1461 2317 persepe
1471 2259 1538 2299 eum
1548 2243 1606 2299 suis
1620 2243 1768 2300 kirielison

110 2329 140 2382 to
156 2330 241 2399 patra
254 2328 398 2384 consulari
408 2329 556 2384 voluisset.
965 2331 1100 2387 mutavit.
1116 2331 1233 2403 Nequeo
1248 2345 1279 2386 er
1303 2335 1387 2403 parte
1407 2347 1473 2389 mea
1489 2345 1655 2398 numerare,
1675 2347 1771 2404 quan·

145 2417 192 2472 43.
203 2414 312 2472 Sonata
324 2416 492 2489 jamprima
503 2417 600 2474 Eriuus
617 2417 872 2490 antistasevigilst‚
887 2420 917 2474 et
965 2421 1029 2474 tum
1043 2418 1159 2492 pietatis
1174 2433 1281 2474 munus
1308 2417 1380 2474 mihi
1405 2419 1526 2492 indigno
1550 2419 1703 2476 studuisset
1714 2419 1769 2474 im·

111 2503 294 2576 missamprc
307 2503 451 2560 defunctis
465 2505 602 2562 cantant.
629 2507 696 2562 Post
713 2505 915 2578 euvangelium
966 2507 1111 2581 pendere;
1128 2507 1184 2562 hoc
1195 2508 1310 2561 tantum
1325 2505 1395 2574 scio,
1411 2507 1490 2579 quod
1504 2519 1665 2578 numquam
1675 2505 1716 2562 illi
1726 2506 1769 2562 di-

111 2593 223 2658 entem,
237 2591 273 2646 ad
284 2591 355 2664 quid
366 2601 415 2636 ¹¹⁹⁰
427 2605 476 2648 rex
486 2609 551 2650 eum
559 2594 616 2650 huo
628 2593 767 2660 mitteret,
775 2593 916 2666 presenti·
966 2608 1026 2666 gna
1039 2593 1276 2650 remuneratione
1291 2593 1326 2648 de
1333 2593 1387 2648 hiis
1394 2592 1543 2666 respondi.
1554 2591 1769 2659 obedientiam,

115 2679 170 2736 bus
188 2679 326 2746 innotuit,
341 2681 370 2736 et
384 2680 520 2737 defuncto
541 2682 745 2755 archipresule,
760 2681 917 2738 ahsolutio-
966 2681 1532 2754 quameo¹⁸⁰⁴suisquesuccessoribnain
1551 2681 1769 2740 examinacione

115 2766 469 2834 nemnohiseumfecit,et
479 2769 515 2825 ah
526 2769 661 2826 omnihus
672 2769 734 2824 lieri
750 2769 915 2841 postulavit.
966 2769 1098 2842 promisi,
1114 2768 1238 2824 minime
1249 2767 1416 2840 adimpleri.
1431 2769 1603 2840 llamahurg
1613 2771 1642 2825 et
1653 2770 1769 2827 frasam

113 2853 298 2911 'lertiaenim
314 2859 383 2912 tune
398 2857 538 2926 disserat,
556 2873 613 2931 qua
627 2858 759 2914 sacerdos
773 2855 917 2930 predictus
967 2872 1000 2914 ac
1017 2857 1210 2928 Pretinilttl)
1221 2857 1306 2912 urbes
1316 2859 1470 2914 cumcurte
1481 2871 1548 2924 uun,
1561 2871 1626 2930 quaa
1637 2857 1769 2914 Eseconis

119 2943 244 3011 obierat,
259 2945 776 3019 quaecumseptimaatquetriceaima
786 2943 918 3001 inanius-
966 2940 1153 3012 luitcomitis‚
1167 2959 1226 3000 ause
1237 2941 1630 3016 acquisivitasoclesiaelllt).
1640 2945 1770 3017 Appara-

114 3032 412 3104 cujusqucodelism·
423 3033 498 3090 exitu
518 3034 740 3090 estmemoritcr
764 3034 802 3090 ob
820 3033 917 3088 miste·
965 3031 1231 3105 tumepiscopalem
1244 3030 1313 3087 satis
1323 3031 1455 3103 egrejum
1472 3034 1501 3086 et
1512 3029 1684 3087 effluentem
1700 3048 1769 3088 eon·

112 3121 193 3176 rium
209 3119 239 3176 in
251 3137 282 3176 se
297 3119 450 3178 continens
463 3122 648 3191 celebranda,
660 3122 690 3179 id
704 3125 747 3178 ast
767 3122 805 3178 oh
827 3122 915 3178 iidem
967 3119 1378 3193 gregavitaanncsetmenses
1388 3118 1769 3176 lettdieseolnmnaeoele·

112 3213 224 3265 sancta
240 3209 384 3266 trinitatis
397 3212 428 3265 at
441 3211 641 3284 septiformem
665 3211 808 3283 spiritum.
831 3213 871 3268 Ac
883 3211 914 3284 (f.
965 3201 1766 3280 sicesedehat,eadens,nlpredixi,presentialiter;sedin·

111 3296 302 3365 l25’)dehinc
320 3313 425 3370 eorpus
448 3298 633 3356 benedictum
648 3315 739 3372 usque
757 3299 795 3356 ad
820 3301 914 3355 locum
964 3296 1066 3352 risibili
1078 3297 1188 3370 templo
1202 3295 1318 3353 Domini
1333 3295 1474 3352 translata
1482 3293 1767 3368 msuelperpetuali·

111 3384 261 3458 sepulchri
271 3385 624 3458 carminaesptancsumr
636 3387 775 3456 defertur,
791 3379 914 3461 ao'pusi·
965 3383 1358 3455 tarucoemuisvmgsrus,
1379 3382 1582 3439 posnaniensis
1592 3383 1706 3440 cenobii
1717 3397 1770 3457 pa-

111 3477 179 3528 tum
196 3475 240 3529 est
257 3473 430 3530 occidentali
445 3479 526 3549 parte
541 3475 571 3531 in
586 3476 674 3532 choro
695 3479 763 3532 ante
778 3477 913 3550 criptam,
963 3476 1035 3542 ator,
1044 3473 1233 3530 consacerdos
1247 3488 1313 3528 suus
1325 3475 1356 3528 et
1363 3471 1576 3545 suffraganeus,
1596 3475 1630 3530 30
1652 3471 1770 3530 ordina-

109 3560 272 3634 quamipse
282 3561 584 3632 ieeiteteonsccrarit,
601 3567 631 3620 et
641 3565 671 3620 in
688 3581 745 3638 qua
757 3579 797 3631 aa,
813 3580 914 3638 qnam·
964 3561 1050 3619 tionis
1058 3577 1116 3620 susa
1125 3567 1173 3606 ¹³⁰⁸
1182 3575 1260 3618 anno
1270 3561 1352 3617 obiit.
1365 3561 1447 3616 Nunc
1458 3561 1520 3616 hac
1531 3560 1608 3616 dieta
1618 3559 1769 3627 suffitiant,

111 3649 160 3705 din
177 3648 256 3718 risit,
282 3665 381 3706 coram
404 3651 490 3707 altari
503 3651 616 3724 rogarit
630 3653 758 3725 sepeliri3
772 3653 820 3709 uhi
835 3653 914 3710 idem
964 3654 994 3708 ei
1017 3651 1053 3707 de
1069 3667 1126 3724 quo
1142 3649 1215 3706 mihi
1234 3663 1311 3705 nnnc
1328 3665 1426 3705 sermo
1444 3653 1498 3716 est,
1514 3649 1639 3721 amplius
1656 3651 1770 3722 loquar.

109 3737 308 3794 lacrimabiles
314 3735 382 3812 sape
391 3738 493 3798 affudit
502 3740 657 3796 crationes.
669 3741 727 3797 Sed
735 3741 914 3797 waltherdus
999 3739 1045 3796 tl.
1057 3738 1203 3810 Redingns
1213 3737 1359 3810 adrogans
1368 3736 1770 3808 venians,lsgstionemsuasn

109 3825 309 3894 locnmhunc,
318 3826 349 3883 in
361 3841 419 3901 quo
432 3824 628 3901 nuncpausst,
643 3828 713 3901 quia
726 3843 785 3886 non
795 3837 843 3874 ¹¹⁹⁸
852 3832 916 3886 erat
963 3826 1130 3898 suppliciter
1148 3825 1279 3896 profem
1296 3830 1326 3881 et
1339 3822 1471 3898 quamvis
1488 3823 1588 3891 ardue,
1603 3827 1702 3880 maren
1717 3821 1770 3880 ds·

110 3915 275 3979 dedicatus,
281 3913 387 3974 animm
395 3917 541 3974 salubrem
547 3920 576 3974 et
583 3915 796 3975 introeuntibus
806 3917 915 3976 cunmh
964 3913 1091 3970 siderate
1103 3912 1136 3986 (f.
1153 3914 1224 3982 lton
1236 3910 1410 3985 impetrans,
1421 3909 1770 3985 perintemantiumlfal·

109 4003 339 4074 conspicshilem
358 4003 463 4060 dilecto
478 4003 843 4077 suimetsaniuriprovldit.
858 4005 917 4062 sad
967 4003 1093 4067 tardum,
1117 4001 1147 4056 in
1174 3999 1302 4074 exequiis
1326 3999 1423 4057 dilecti
1450 3997 1571 4055 maioris
1597 3997 1768 4067 nudam,

110 4091 182 4164 quia
191 4090 269 4148 besti
281 4105 384 4148 omnes
393 4089 546 4148 virtutihus
554 4092 611 4148 suis
621 4107 687 4148 cum
698 4100 746 4137 ¹²¹⁸
755 4091 914 4150 christoni-
967 4091 1056 4147 etiam
1068 4093 1103 4148 20
1115 4091 1226 4146 talanta
1238 4087 1522 4162 argentii'hiedrico,
1535 4086 1637 4160 nepoti
1651 4097 1729 4156 meo,
1738 4087 1768 4144 ln

110 4182 195 4246 runt,
209 4181 239 4234 at
250 4178 280 4234 in
292 4179 348 4236 huc
359 4179 455 4236 meula
468 4178 590 4252 scriptis,
602 4193 662 4235 non
673 4181 836 4237 esthonum
844 4183 918 4253 tanti
968 4177 1159 4235 elemosinam
1183 4179 1302 4250 excepto
1327 4177 1403 4232 victu
1419 4173 1603 4248 largientem,
1631 4177 1726 4232 usual.
1748 4170 1770 4230 E

110 4266 204 4341 patris
217 4266 347 4324 inclitam
362 4265 735 4326 conversacionemsilentio
746 4273 856 4342 tegere,
867 4269 918 4325 sed
968 4266 1126 4339 egojussus
1139 4265 1238 4322 venire
1251 4264 1455 4338 pronciscenar
1469 4277 1535 4319 cum
1549 4277 1595 4329 eu,
1610 4275 1644 4318 ac
1666 4261 1697 4317 in
1708 4261 1771 4319 sah·

109 4354 243 4412 veniatis
255 4355 318 4412 lues
329 4356 464 4412 omnibns
473 4355 608 4429 proficuis
622 4355 917 4424 innotesoere,-erat
967 4355 1035 4410 halo
1048 4353 1176 4412 Granum
1190 4354 1262 4425 (773)
1274 4367 1339 4408 sero
1354 4351 1496 4408 uenimus.
1520 4350 1583 4408 flor
1605 4349 1635 4406 in
1650 4363 1772 4422 presan

109 4445 156 4500 hic
165 4444 266 4516 justus
280 4448 309 4501 at
323 4444 520 4500 timoratusac
536 4443 619 4500 mirae
629 4443 767 4513 caritatis,
780 4447 917 4518 largusct
965 4443 1038 4498 tiam
1058 4441 1136 4515 regis
1150 4439 1312 4508 venientes,
1339 4437 1568 4496 misericorditer
1595 4437 1770 4512 suscipieba-

109 4531 217 4601 lidalis,
232 4533 325 4588 oastm
336 4547 369 4587 au
384 4532 471 4599 mitis,
481 4533 607 4606 prudens
618 4535 648 4587 et
659 4532 777 4600 stabilis,
796 4533 915 4589 canoni·
967 4547 1043 4599 mur,
1056 4534 1187 4603 etpsuea
1199 4531 1381 4599 locutnsrex,
1396 4543 1451 4584 nos
1474 4527 1512 4582 ad
1538 4524 1701 4599 hospicium
1727 4527 1770 4584 irs

109 4635 158 4676 eus
168 4627 223 4664 Μ·
236 4619 347 4687 habitu,
362 4619 413 4674 sed
429 4621 589 4675 monachus
601 4619 632 4674 in
656 4620 739 4676 omni
761 4635 916 4676 conversa·
965 4615 1105 4692 permisit.
1119 4616 1321 4674 Castramctati
1336 4615 1415 4672 enim
1431 4619 1500 4670 tuac
1514 4627 1613 4672 marus
1626 4618 1708 4671 extra
1721 4629 1771 4671 ur·

110 4708 195 4766 tione
204 4723 266 4764 sna.
280 4707 358 4763 Vioia
370 4707 399 4762 in
414 4707 523 4764 cunetis
551 4707 588 4763 ob
616 4708 855 4764 melioracionem
873 4725 915 4765 as-
926 4703 953 4763 1>
965 4709 1033 4764 hem
1047 4709 1077 4762 et
1087 4705 1171 4777 juxte
1184 4707 1292 4773 lucum,
1308 4703 1357 4762 ubi
1372 4703 1460 4761 modo
1477 4702 1570 4761 uncti
1582 4704 1628 4760 est
1642 4699 1771 4761 omlssis

772 4845 887 4902 VARIAE
906 4844 1107 4904 LECTIONES.

143 4969 228 5028 ¹²¹⁴i.
251 4973 272 5026 t.
296 4988 323 5028 a.
347 4970 409 5028 edd.
433 4970 474 5026 fl.
513 4978 560 5012 ¹²⁹⁵
584 4969 738 5042 reedignus
765 4973 776 5028 l
808 4970 889 5028 altaro
911 4986 927 5028 e
949 4987 1036 5029 crare.
1075 4976 1122 5013 ¹⁸⁹⁶
1144 4965 1215 5042 quid
1241 4970 1267 5024 l.
1306 4968 1367 5010 ¹²⁰⁰*
1385 4964 1448 5026 add.
1471 4965 1513 5022 ll.
1551 4971 1600 5010 1³⁰⁷
1619 4965 1722 5038 planto
1739 4971 1764 5026 f.

109 5033 264 5115 anaqanr.
283 5040 447 5116 quodetiam
461 5039 753 5114 quiantelcps'posset.
792 5043 1053 5099 ¹¹⁹⁹easmuultum
1069 5043 1094 5097 l.
1134 5037 1345 5096 ¹⁸⁰⁰canicusl.
1384 5035 1567 5121 ¹3⁰¹·amarit,
1582 5039 1769 5119 memoraba·

107 5117 155 5170 lor
167 5129 272 5170 aarum
287 5113 393 5188 ubique
406 5111 437 5170 in
451 5112 572 5174 bouum,
584 5114 613 5169 et
627 5127 676 5168 eus
687 5127 787 5168 coram
797 5129 865 5186 rega
877 5114 906 5170 et
917 5112 1094 5187 principibus
1108 5114 1138 5168 et
1153 5109 1418 5186 universispopuhs
1429 5109 1680 5168 recusassemque
1690 5123 1768 5169 aen·

107 5197 161 5256 par
176 5183 304 5243 laudavit
318 5187 344 5243 2.
383 5179 684 5242 concremaciones
696 5185 809 5240 celati.
848 5191 896 5228 ¹⁸⁰⁸
910 5183 1079 5245 cfficiumtt.
1117 5189 1164 5228 ¹⁸⁰⁴
1178 5179 1277 5241 nitu?
1314 5187 1361 5226 ¹⁸⁰¹
1376 5179 1438 5238 aul.
1458 5181 1503 5240 ll.

886 5319 998 5392 Now.

147 5449 212 5586 gii
236 5445 474 5588 ἓξὲἷξὲαἱὲθὲἰρα
488 5513 649 5590 aquilonari
663 5513 917 5572 llhiueinterWit-
963 5446 1204 5586 'afirii'oronau
1225 5530 1316 5587 prope
1339 5511 1469 5594 fluvium·
1484 5507 1708 5583 heinsm‚juxta
1720 5510 1768 5569 lii·

111 5586 239 5660 tanlsarg
256 5585 421 5660 stlorgau.
966 5585 1106 5656 deshcim,
1122 5599 1214 5642 annm
1272 5584 1301 5641 in
1343 5583 1558 5662 epalahorum
1579 5596 1610 5638 re
1651 5579 1766 5654 liuram

150 5659 228 5732 llil)
241 5656 274 5716 V.
288 5657 448 5733 diplomata
459 5654 547 5732 regis,
563 5673 581 5714 a
598 5658 676 5728 loos,
685 5655 914 5732 April.·l;loll‚
966 5655 1242 5723 manumissus
1324 5654 1417 5712 nasas
1430 5653 1466 5724 11,
1482 5665 1551 5728 pag.
1632 5667 1676 5727 squ
