3932 6174
121 414 159 476 tu
763 400 1128 470 enonreonvmaruu.
1715 419 1768 479 naa

119 541 263 612 transiens,
279 541 401 599 ftomam
414 538 493 597 adire
507 537 653 597 festinavit
662 537 720 611 (un.
729 540 790 606 981,
802 537 953 610 Μανι.),Α
965 537 1084 611 propria
1097 537 1231 595 amittere
1245 535 1365 593 soluisse
1381 525 1549 611 requisivit3¹
1572 553 1697 614 cumque
1722 541 1769 599 iu·
1848 543 1849 546 ’

118 630 160 686 ubi
181 629 282 687 didicit
303 630 527 688 Sarracenorum
554 626 774 684 formidolosam
798 630 916 699 gentem
965 625 1100 682 fortuniis
1117 625 1169 680 viae
1184 629 1303 681 ventum
1321 625 1401 682 seria
1418 631 1584 700 exponeret,
1601 630 1689 685 cesari
1701 649 1767 705 per-

119 718 296 776 Cslabritana
316 719 450 776 invasisse
465 721 538 787 loce,
551 718 673 790 iamque
699 717 729 772 iu
748 715 917 788 Apulieuses
966 715 1062 782 suasit,
1079 715 1157 788 quod
1171 713 1194 769 si
1205 715 1289 770 vellet
1304 714 1430 771 corrsiliis
1446 715 1622 790 monitisque
1640 719 1698 774 suis
1719 737 1767 778 ac-

116 808 443 880 partesrellenttendere
454 823 584 881 gressum
595 823 697 880 :quam
705 804 824 877 aggredi
831 804 918 860 hesti-
966 803 1124 876 quiescere,
1141 803 1292 860 Venetiam
1308 803 1356 858 diu
1377 803 1569 861 desideratam
1582 805 1659 863 facili
1674 812 1767 866 certa·

117 895 176 951 liter
191 900 313 953 conatus
328 897 494 954 est.Verum
508 896 577 952 dum
589 895 722 970 proxima
732 895 805 958 loca,
814 894 918 967 quibus
966 892 1045 947 mine
1058 895 1154 965 posset
1167 891 1325 964 acquirere.
1340 893 1371 946 Et
1387 892 1503 964 insuper
1516 910 1572 967 quo
1585 895 1769 969 imperatoris

114 983 323 1042 Saracenorum
338 984 493 1040 multitudo
513 985 663 1053 manebat,
683 983 816 1039 incautus
836 985 917 1054 pete·
967 981 1082 1036 animus
1100 980 1136 1036 ad
1150 982 1205 1037 hoc
1223 980 1433 1054 nequissimum
1447 982 1658 1056 perficiendum
1679 987 1769 1044 scelus

114 1077 163 1142 ret,
176 1077 255 1130 tetra
270 1075 374 1131 cohors
387 1077 508 1148 repente
520 1073 748 1130 Christianorum
760 1071 917 1128 exercitum
966 1071 1062 1142 potius
1075 1071 1284 1139 exardesceret,
1298 1074 1383 1128 centu
1398 1071 1486 1128 libras
1500 1073 1646 1145 purissimi
1660 1075 1723 1132 auri
1737 1093 1768 1132 sc

113 1161 144 1218 ad
157 1167 308 1218 certamen
322 1164 462 1219 lacessere
479 1163 631 1234 temptavit
640 1162 697 1235 (an.
713 1164 775 1230 982,
789 1160 847 1216 Jul.
862 1159 915 1232 til.
967 1159 1008 1216 illi
1022 1160 1159 1216 daturum
1175 1161 1340 1232 spopondit,
1357 1159 1379 1215 si
1393 1161 1504 1217 devicta
1517 1163 1621 1234 patria,
1642 1164 1694 1220 sibi
1714 1166 1769 1222 du·-

112 1252 275 1322 lmperator
286 1251 404 1324 quidem
418 1251 547 1326 ignarus,
558 1251 636 1324 quod
649 1251 793 1307 montium
806 1267 918 1325 peran—
966 1253 1046 1306 catus
1062 1249 1235 1322 dignitatem
1249 1249 1430 1307 concederet.
1448 1250 1531 1317 Quod
1545 1254 1664 1310 audieus
1678 1254 1770 1328 impe·

112 1338 215 1395 fractus
229 1355 332 1396 omnes
357 1339 584 1396 Sarraceuorum
609 1340 735 1412 maj0res
758 1339 917 1406 latitarent,
966 1343 1056 1408 rator,
1073 1340 1212 1396 universis
1225 1356 1282 1414 suo,
1293 1339 1417 1412 sceptrui
1431 1340 1628 1412 adjacentibus
1641 1343 1767 1400 edictum

112 1427 171 1484 illos
187 1443 263 1500 quos
277 1445 396 1484 cernere
412 1429 525 1484 valebat
546 1428 623 1484 facili
647 1427 804 1484 certamine
820 1427 918 1483 debel-
968 1431 998 1484 et
1012 1427 1176 1484 inevitabile
1194 1427 1292 1483 intulit
1316 1430 1496 1502 preceptum,
1513 1431 1545 1485 ut
1562 1447 1649 1487 nemo
1673 1417 1776 1504 eliqua

113 1517 169 1571 lare
183 1519 489 1591 autumaus‚pugnam
501 1517 637 1573 audacter
646 1516 801 1584 inchoavit,
813 1531 918 1589 eosque
967 1515 1193 1590 presumptione
1215 1516 1314 1583 irritus,
1334 1516 1470 1590 deinceps
1494 1518 1653 1590 quemlibet
1675 1519 1768 1575 Vene-

114 1603 303 1661 audacissime
318 1605 429 1662 Christo
441 1605 555 1664 favente
566 1605 679 1664 devicit.
692 1606 821 1678 Cumque
837 1604 918 1660 Chri·
968 1606 1058 1663 ticum
1069 1606 1099 1661 in
1111 1605 1238 1679 aliquam
1254 1604 1297 1660 sui
1312 1605 1427 1679 imperii
1449 1609 1563 1678 partem
1586 1606 1769 1679 permitteret

114 1692 271 1750 stianorum
285 1693 471 1752 miliciacum
495 1693 665 1767 triumpuali
680 1693 773 1767 gloria
794 1693 921 1749 tentoria
968 1695 1058 1760 exire,
1074 1711 1167 1769 neque
1184 1693 1286 1767 aliquis
1300 1710 1418 1750 suorum
1433 1694 1463 1749 in
1476 1695 1626 1752 Venetiam
1650 1696 1770 1754 auderet

115 1782 256 1854 applicare
272 1783 390 1855 propria
404 1784 521 1853 vellent,
538 1799 722 1858 paganorum
737 1780 919 1838 multitudoe
969 1783 1770 1858 intrare.Tuncunicuiqueveneticorumseeumdegenti

116 1870 260 1926 montibus
275 1871 404 1941 exiliens,
415 1887 503 1945 super
512 1888 619 1946 eosque
633 1871 783 1944 inopinate
795 1856 954 1938 irruens,B
968 1873 1092 1930 firmiter
1104 1872 1251 1946 pracepit,
1263 1875 1294 1928 ut
1305 1871 1435 1928 cumanis
1446 1872 1578 1928 videlicet
1587 1873 1699 1930 nunciis
1707 1876 1771 1931 loca

117 1958 173 2015 illos
188 1958 300 2015 cadere
316 1959 422 2016 acriter
436 1961 521 2034 cepit,
537 1960 567 2015 in
582 1962 696 2016 tantum
713 1962 745 2013 ut
758 1958 800 2015 illi
815 1957 919 2032 quibus
968 1963 1073 2036 quibus
1087 1961 1226 2018 alimonia
1240 1961 1387 2018 confluere
1402 1961 1438 2017 ad
1453 1961 1654 2018 Veneticomm
1664 1963 1770 2020 solacia

119 2046 241 2118 tenendi
266 2049 361 2105 aditus
382 2049 575 2122 negabantur,
599 2047 753 2104 crudeliter
776 2046 918 2102 vulnerati
968 2055 1119 2115 neverant,
1134 2050 1241 2108 sollerti
1256 2050 1350 2107 studio
1366 2051 1552 2108 custodirent.
1567 2051 1648 2108 Unde
1660 2052 1770 2108 factum

121 2137 258 2194 caderent.
274 2139 435 2212 Imperator
459 2139 614 2212 siquidem,
629 2137 696 2193 licet
714 2135 826 2210 ingenti
841 2135 918 2191 diffi-
969 2145 1011 2199 ρει
1026 2141 1104 2215 quod
1118 2140 1253 2198 sisinnus
1268 2139 1437 2211 coloprinus
1453 2156 1518 2196 cum
1531 2140 1589 2197 filio
1604 2156 1655 2196 suo
1669 2141 1769 2198 D0mi.

122 2227 226 2295 cultata,
241 2242 296 2299 per
311 2227 422 2284 medias
434 2228 627 2284 barbarorum
642 2227 718 2283 acics
732 2227 778 2281 vix
796 2225 833 2282 ad
851 2225 918 2280 litus
967 2231 1032 2286 uico
1044 2229 1141 2287 Patavi
1152 2231 1394 2298 commoraretur,
1403 2229 1489 2284 Ursus
1499 2229 1673 2285 Badovarius
1681 2231 1769 2286 Athe·

124 2329 199 2388 usque
230 2315 380 2388 pervenit3
416 2315 661 2390 inimicorumque
696 2313 918 2389 importunitate
967 2320 1021 2374 sim
1036 2316 1350 2388 fluviumpraeviderct,
1366 2316 1533 2373 Dominicus
1549 2316 1667 2390 quidem
1693 2317 1768 2374 Silvo

122 2403 237 2474 territus,
253 2404 441 2478 fluctivagum
458 2421 539 2460 mare
553 2404 681 2461 intravit.
699 2403 752 2461 Ubi
764 2390 827 2459 duee
840 2402 917 2458 Grue-
967 2423 1034 2463 cum
1051 2409 1134 2462 Petro
1159 2405 1275 2462 tribuno
1295 2405 1428 2461 Uistrinis
1445 2405 1574 2478 partibus
1594 2405 1769 2474 insisterent,

121 2504 211 2547 corum
226 2509 324 2564 nares,
341 2509 405 2567 quse
417 2494 518 2566 lingua
532 2493 650 2550 illorum
664 2491 817 2549 zalandriae
842 2507 918 2547 uun·
966 2496 1113 2552 lohannes
1129 2495 1246 2568 quidem
1260 2495 1405 2551 bennatus
1418 2510 1471 2550 ceu
1493 2494 1680 2566 nugibcrulus
1694 2495 1770 2550 iuter

118 2583 264 2651 eupantur,
281 2597 339 2638 non
350 2582 451 2656 procul
466 2584 573 2638 aterna
585 2581 719 2638 anchoris
730 2579 918 2638 herebanta
968 2601 1070 2640 omnes
1084 2583 1244 2639 discurrere
1259 2583 1358 2640 sedule
1372 2583 1533 2651 festinaret,
1548 2582 1673 2640 itariuus
1687 2582 1770 2640 Uolo·

119 2666 216 2737 quibus
235 2668 282 2724 ille
305 2685 371 2725 cum
387 2668 498 2726 duobus
511 2669 567 2726 suis
582 2668 741 2726 vernaculis
760 2670 917 2741 susceptus,
966 2673 1068 2746 prinus
1090 2672 1241 2729 ttistrieusi
1261 2671 1401 2728 comitatu
1426 2671 1625 2744 hujuscemodi
1643 2671 1771 2730 officium

118 2751 234 2810 minime
249 2755 364 2829 agnitus
379 2760 431 2813 est.
442 2757 543 2814 Fertur
558 2773 685 2830 namque
700 2755 777 2830 quod
792 2771 846 2828 per
866 2753 917 2810 tri-
967 2764 1131 2837 perageret,
1147 2762 1314 2818 Ravennam
1329 2778 1443 2834 quoque
1453 2761 1572 2818 Statano
1584 2761 1772 2835 juniori,pre-

118 2837 204 2897 duum
228 2843 311 2901 illum
337 2845 445 2902 victum
468 2847 655 2916 custodirent,
683 2849 713 2902 et
738 2859 916 2918 quamquam
966 2850 1047 2907 libati
1064 2850 1174 2907 Stefani
1188 2849 1258 2918 filio,
1274 2851 1312 2905 ad
1336 2849 1553 2906 custodiendum
1573 2849 1769 2922 injungerent.

113 2925 174 2998 ΙἸ)ω
187 2930 397 3006 imperatorem
412 2951 443 2992 se
456 2934 519 2991 sore
542 2935 663 2991 ⁰111nin0
688 2934 857 3006 denegaret,
873 2934 916 2986 tt·
965 2937 1134 2994 Antedictus
1149 2954 1254 3010 nempe
1262 2937 1405 2992 Tribunus
1416 2938 1472 2993 dux
1485 2938 1712 3010 repugnantium
1726 2939 1770 2994 in-

112 3039 182 3078 men
196 3023 278 3079 Greci
291 3022 410 3095 ingenio
426 3021 593 3096 peritissimi
611 3021 708 3078 nescio
724 3021 826 3094 quibus
841 3019 916 3076 indi·
966 3026 1096 3083 fidelium
1109 3026 1271 3100 nequitiam
1285 3025 1409 3082 inultam
1424 3025 1473 3081 diu
1483 3043 1542 3082 uon
1553 3026 1658 3095 ferens,
1669 3026 1773 3084 domos

114 3111 161 3166 tiis
174 3127 241 3168 eum
256 3126 415 3184 agnuscere
428 3113 595 3181 potuerunt.
611 3110 718 3183 Agnito
741 3126 819 3178 vero,
842 3109 916 3164 Con·
967 3115 1084 3171 illorum
1099 3115 1241 3172 devastari
1255 3114 1396 3187 permisit,
1408 3130 1566 3187 uxoresque
1582 3131 1618 3170 ue
1633 3113 1772 3187 aufugere

111 3199 332 3273 stantinopolim
358 3199 441 3255 illurn
472 3198 586 3255 deferre
609 3198 811 3268 decreverant,
840 3176 952 3270 quodC
967 3208 1086 3276 possent
1106 3203 1250 3260 custodire
1268 3203 1407 3276 precepit.
1434 3204 1597 3274 Imperator
1619 3205 1717 3258 autem
1739 3202 1771 3258 iu

110 3285 174 3359 ipse
195 3291 328 3362 expertus
348 3287 389 3343 ait
402 3305 411 3343 ε
424 3288 465 3346 Et
487 3305 534 3358 eqo
558 3289 606 3343 itur
631 3294 684 3343 toto
706 3289 801 3342 mentis
820 3288 918 3358 effectu
967 3295 1049 3348 tanta
1064 3292 1216 3348 severitate
1235 3295 1265 3346 et
1278 3291 1387 3347 duricia
1400 3291 1436 3346 ad
1444 3290 1647 3346 veneticorum
1659 3291 1770 3347 destru-

107 3383 185 3448 optc,
200 3380 328 3450 quonium
336 3384 418 3449 potas
433 3376 469 3435 cd
485 3369 635 3434 sanctornm
648 3383 824 3448 augustorum
838 3377 916 3430 vesti·
968 3381 1096 3436 ctionem
1113 3381 1326 3454 perseverabat,
1343 3397 1400 3452 quo
1413 3379 1611 3451 uecprecibus
1632 3395 1687 3435 nec
1707 3380 1771 3453 qui-

107 3468 157 3535 gia
168 3468 230 3522 erut
240 3468 334 3539 degere
351 3470 444 3538 gestio,
465 3484 547 3540 quam
565 3467 687 3523 omnibus
707 3465 782 3522 bonis
790 3466 918 3537 privatus
967 3469 1092 3525 buslibet
1107 3468 1276 3524 muneribus
1288 3485 1355 3524 eum
1367 3468 1480 3540 placare
1493 3468 1632 3523 valerent.
1643 3468 1697 3524 Sed
1708 3485 1771 3524 om·

104 3559 163 3611 mei
176 3557 325 3630 infortunii
339 3557 515 3626 ignominiam
525 3557 567 3610 frte
580 3555 747 3611 sustineret
751 3561 917 3626 antumpro·
968 3558 1053 3614 nibus
1067 3575 1151 3613 suum
1172 3558 1277 3613 iterum
1294 3559 1464 3630 preceptum
1481 3555 1627 3629 imposuit,
1648 3560 1680 3612 ut
1702 3557 1773 3613 nulli

103 3647 217 3716 mittite,
241 3647 370 3720 quatinus
389 3661 477 3700 meam
497 3646 638 3716 conjugem
660 3659 778 3716 meaque
797 3644 919 3716 fortunae
968 3647 998 3702 in
1015 3647 1112 3720 aliqua
1125 3647 1167 3702 sui
1181 3647 1296 3719 imperii
1310 3647 1392 3720 parte
1407 3649 1544 3718 pervento
1559 3646 1695 3701 Venetico
1704 3663 1772 3720 par·

104 3732 234 3807 reliquias
255 3749 308 3802 me,
332 3735 495 3806 priusquam
523 3732 659 3801 recedatis,
686 3733 804 3804 acumem
830 3731 916 3786 liceat.
969 3751 1034 3790 cere
1050 3734 1179 3791 auderet.
1194 3736 1241 3790 liis
1255 3735 1374 3808 quidem
1390 3733 1651 3789 definitisltomam
1664 3733 1772 3790 viscere

105 3819 189 3877 'func
205 3821 359 3878 duodecim
375 3821 496 3890 scrinea,
511 3823 598 3894 plena
611 3821 753 3876 thesauris
772 3819 865 3892 copia,
882 3819 919 3874 ad
970 3822 1128 3895 disposuit;
1149 3822 1178 3877 in
1193 3839 1249 3895 qua
1264 3838 1324 3877 riou
1339 3822 1388 3877 diu
1403 3821 1563 3878 incolomes
1578 3839 1689 3890 manes,
1702 3822 1772 3877 vali-

105 3908 215 3967 littoris
227 3910 393 3983 marginem
409 3909 504 3966 delata
513 3913 590 3966 sunt.
602 3909 683 3966 Greci
694 3910 749 3966 hoc
757 3913 917 3966 cernentes.
970 3910 1007 3967 da
1021 3910 1175 3983 ingruente
1191 3909 1281 3979 febre,
1304 3913 1436 3964 mortuus
1457 3911 1509 3978 est,
1534 3910 1718 3982 sepultusque
1741 3909 1772 3964 in

107 4001 191 4056 omni
204 3999 380 4057 titubatione
394 4003 519 4068 remota,
531 3999 658 4056 eundern
669 4016 766 4055 secum
778 4001 850 4055 velle
868 3999 920 4053 tir-
970 4000 1061 4054 sancti
1077 3999 1153 4054 Petri
1169 4002 1250 4054 curte
1262 4014 1321 4054 nou
1335 4000 1434 4072 procul
1457 4015 1474 4053 a
1488 4001 1595 4053 sanctae
1608 3998 1703 4053 lfarire
1725 4014 1773 4052 ec·

108 4093 199 4146 miter
213 4089 436 4146 irecredebant.
457 4089 493 4144 Et
508 4088 577 4144 dum
596 4089 658 4145 bec
674 4091 839 4161 agerentur,
856 4088 920 4144 Ges·
970 4089 1056 4144 olesia
1073 4093 1131 4156 (cn.
1147 4089 1210 4152 983,
1225 4090 1291 4144 Dec.
1307 4089 1346 4162 7).
1362 4087 1444 4142 Unde
1459 4103 1519 4142 non
1538 4085 1659 4141 dubium
1683 4089 1773 4141 estut
1884 4131 1890 4138 .

112 4193 183 4236 sone
193 4181 253 4252 (88)
268 4179 394 4236 distenso
409 4177 544 4252 episcopo
560 4195 627 4234 cum
637 4179 783 4235 nonnullis
796 4177 918 4250 aliis(8ttl
971 4176 1090 4250 quidum
1105 4176 1239 4249 spiritalis
1254 4176 1537 4247 monachus,angelo
1548 4174 1602 4230 sibi
1616 4173 1787 4248 iudicante,

109 4265 203 4324 littori
218 4276 254 4312 ¹⁰⁵
271 4267 442 4335 astantibus,
458 4267 519 4340 ipse
540 4268 645 4339 adepto
663 4267 759 4340 gladio
784 4267 814 4322 iu
839 4283 921 4324 mare
970 4265 1116 4338 cognovit,
1133 4265 1211 4338 quod
1228 4265 1266 4321 ob
1284 4263 1488 4320 veneticorum
1507 4262 1695 4319 afflictionem
1714 4262 1776 4318 inu-

111 4357 255 4426 prosiluit,
276 4359 306 4412 et
321 4355 444 4411 viriliter
459 4355 588 4412 natando
604 4355 800 4414 desideratum
817 4355 921 4411 littoris
971 4355 1103 4427 pinetam
1118 4353 1285 4409 incurrisset
1298 4356 1435 4412 mortem.
1451 4353 1573 4410 Veneria
1587 4368 1714 4426 namque
1723 4368 1775 4424 per

114 4457 280 4518 margmem
294 4443 401 4499 inlesus
415 4443 508 4516 petiit,
525 4447 554 4499 et
568 4445 609 4500 sic
623 4461 640 4501 a
655 4445 767 4501 duobus
787 4431 957 4517 periculisD
971 4443 1124 4500 biennium
1138 4444 1189 4500 tali
1204 4460 1339 4517 perpessa
1359 4443 1519 4498 infortunio
1546 4440 1693 4498 divinitate
1707 4457 1776 4516 pre-

113 4528 262 4602 liberatus,
278 4534 402 4589 Romam
416 4548 482 4588 cum
500 4549 587 4588 uxore
604 4532 730 4590 advenit.
746 4532 857 4590 Deinde
868 4534 921 4590 Pa·
970 4533 1042 4606 pitia
1056 4532 1180 4588 liberata
1195 4534 1248 4588 est.
1263 4532 1431 4588 Praelibatus
1442 4531 1560 4606 quidem
1575 4530 1708 4587 Stefanus
1720 4531 1775 4588 Co-

116 4620 191 4688 piam
204 4625 373 4694 ceterasque
387 4619 475 4677 ltalia
500 4621 629 4678 civitates
643 4638 811 4695 peragrans,
833 4621 922 4677 Vero·
971 4621 1102 4694 loprinus
1117 4637 1176 4678 una
1192 4638 1259 4678 cum
1274 4620 1339 4677 liliis
1355 4624 1384 4677 et
1402 4622 1503 4678 ceteris
1524 4619 1586 4676 aliis
1605 4620 1775 4693 Papieusem

117 4722 181 4765 nam
193 4710 266 4766 adiit
278 4709 338 4781 (cn.
353 4711 417 4778 98³,
433 4709 524 4782 duni.
548 4709 641 4776 Quem
661 4710 815 4784 pradictus
831 4709 921 4766 Stefa·
972 4711 1075 4766 urbem
1091 4711 1170 4767 adire
1181 4713 1359 4783 satagerunt,
1369 4710 1506 4783 flexisque
1516 4709 1672 4782 poplitibus
1683 4708 1777 4765 Adhe-

116 4809 166 4852 nus
182 4797 502 4871 Goloprinusunacum
514 4797 625 4854 duobus
637 4798 921 4871 liliisetquibusdam
973 4799 1080 4855 leidam
1094 4803 1256 4872 augustam,
1275 4817 1340 4874 quae
1359 4799 1432 4855 inibi
1454 4799 1634 4866 morabatur,
1656 4813 1776 4854 exorere

115 4887 292 4957 parentibus,
308 4891 444 4960 expertus
458 4888 537 4960 quod
548 4888 786 4944 Maurecenorum
801 4887 923 4944 temeri·
972 4888 1151 4944 incessanter
1165 4893 1315 4963 ceperunt,
1329 4893 1361 4945 ut
1375 4887 1459 4946 inlesi
1472 4903 1523 4944 suo
1537 4890 1778 4944 conservarentur

115 4976 168 5044 tas,
184 4975 411 5033 ducisvidelicct
425 4977 567 5046 consultu,
584 4979 712 5048 parentis
724 4980 851 5034 mortem
863 4977 922 5034 vel·
972 4976 1002 5032 in
1024 4978 1283 5051 regno,quonia1n
1309 4978 1445 5036 omuibus
1463 4993 1538 5050 pene
1557 4976 1646 5033 ltaliae
1667 4975 1777 5048 princi-

115 5061 175 5119 leut
198 5065 305 5133 ulcisci,
330 5067 406 5121 clam
429 5066 465 5121 de
490 5065 609 5122 Venetia
632 5065 730 5122 exieus
751 5066 922 5122 festinanter
972 5066 1056 5139 pibus
1074 5070 1168 5123 morte
1184 5067 1265 5140 digni
1278 5068 1315 5124 ob
1327 5067 1453 5141 propriae
1476 5065 1577 5139 patria
1599 5065 1775 5122 delationem

115 5152 195 5211 adire
213 5153 391 5229 procuravit.
415 5153 465 5211 Cui
490 5153 650 5228 imperator
674 5154 846 5224 valedicens,
872 5170 922 5211 eur
972 5154 1121 5226 dijudicati
1135 5157 1212 5213 suut.
1232 5155 1311 5214 Tunc
1325 5159 1445 5230 repente
1461 5155 1538 5231 apud
1550 5154 1680 5212 Ticinum
1698 5167 1777 5220 mora

485 5301 488 5308 ,
772 5243 890 5301 vamAE
908 5242 1110 5304 LEGTIONES.

155 5321 186 5357 ¹⁰⁵
200 5315 289 5374 littori
302 5333 329 5375 a.
345 5315 366 5372 i.
379 5331 406 5374 a.
421 5332 450 5388 g.
467 5314 486 5371 i.
502 5332 543 5374 m.
561 5333 591 5390 p.
607 5318 637 5374 et
648 5333 676 5375 v.
691 5316 720 5374 d.
738 5316 832 5374 desunt
850 5319 876 5374 2.
891 5317 1011 5445 qom-

105 5466 222 5524 cembri
236 5466 363 5524 Venetos
376 5467 753 5544 commeatibusprobibuit,
764 5467 920 5525 etbiennio
970 5472 1015 5524 tur
1030 5464 1151 5536 Cessero,
1166 5466 1295 5534 Melone,
1308 5469 1364 5527 etc.
1385 5466 1620 5542 unuaguendum
1635 5463 1682 5537 sit,
1707 5461 1776 5524 Ces·

97 5543 213 5595 exacto
226 5539 375 5596 Veronam
389 5539 491 5612 redux,
510 5539 558 5597 die
573 5547 588 5598 7
603 5540 680 5598 lunii
695 5557 724 5599 a.
741 5543 793 5598 983
803 5543 923 5614 pactum
969 5555 1031 5596 sone
1045 5539 1108 5596 loeo
1121 5541 1241 5598 Romani
1249 5541 1304 5597 scri
1326 5544 1379 5598 to..

89 5611 273 5668 manserit.
367 5655 369 5658 .
1007 5611 1065 5684 (89)
1077 5611 1204 5686 Liupone
1213 5616 1243 5668 et
1249 5559 1416 5682 Riciiizonc,
1426 5611 1472 5691 Cf.
1483 5611 1635 5688 alpertum
1647 5609 1697 5690 SS.
1708 5611 1730 5690 t.
1740 5607 1775 5666 lV

144 5681 365 5760 (ettstotertco
374 5712 386 5759 ,-
404 5683 460 5744 uisi
473 5683 595 5775 tepuere
612 5683 724 5746 Etdum
739 5683 796 5744 lter
812 5700 922 5765 operen-
971 5681 1158 5763 (Pctrolrptat
1175 5687 1199 5766 t.
1215 5683 1299 5762 ext).
