3992 6180
136 395 199 458 tait
752 388 1094 454 cllnoll100N.-tttt.
1119 396 1164 453 vt.
1720 407 1789 465 tels

9 535 18 573 r
132 534 215 594 mem
228 518 319 574 irater
332 515 438 573 suimet
462 509 623 573 othelricus
649 519 678 572 et
700 517 825 586 satelles,
839 515 933 573 tocius
943 523 971 586 Α
982 517 1013 572 ln
1028 515 1074 573 via
1086 517 1229 590 plangens
1242 512 1355 576 iamilia
1371 509 1510 578 obviavit.
1523 515 1655 580 Crastino
1670 525 1788 584 eumad

9 629 22 662 r
132 605 218 664 debiti
243 606 402 672 inmemor,
422 605 453 661 in
476 622 557 663 sacro
571 606 690 662 sabbato
714 605 873 662 Dominieae
885 622 930 662 re·
981 605 1080 662 villam
1090 606 1176 678 juxta
1189 610 1323 665 montem
1338 608 1431 666 saneti
1440 609 1582 667 Iohannis
1596 611 1682 669 sitam
1698 615 1789 672 venis

8 717 19 752 :-
132 694 317 752 surreecionis
330 694 472 767 proximae
485 701 532 738 ¹⁸¹⁸
547 711 566 751 a
579 709 671 766 regno
683 694 869 750 Boemiorum
883 711 931 750 ex·
981 709 1089 762 semus,
1105 693 1202 751 clerus
1222 696 1320 752 omnis
1347 695 1420 753 flens
1446 696 1550 763 adluit,
1577 700 1607 754 et
1629 698 1788 758 iudeorum

8 807 21 842 r
132 783 212 856 pulit,
228 786 257 839 et
272 781 457 851 bolizlavum,
473 799 560 856 quem
576 783 630 838 etsi
649 781 776 839 amicum
797 782 930 838 sibieon·
982 797 1091 854 magna
1116 789 1162 826 ¹⁸⁸¹
1188 787 1231 848 at,
1254 800 1379 857 quorum
1400 789 1464 842 erat
1478 788 1571 858 pater,
1586 792 1787 859 orphanorum

9 897 19 930 ¹.-
132 871 337 945 sanguinitate,
348 873 449 926 temen
464 885 517 942 pro
530 872 614 927 hoste
625 879 674 915 ¹⁸¹⁰
684 870 933 928 hactenushabuit
982 868 1137 926 multitudo
1150 871 1338 939 conveniens,
1350 872 1482 929 dolorem
1491 875 1682 932 lamentando
1692 875 1786 932 mani·

8 983 24 1022 ι,
131 960 158 1016 iu
177 959 388 1033 persecutione,
403 959 474 1031 iuga
487 962 587 1032 petere
608 959 712 1032 coegit.
729 959 780 1015 llic
803 959 873 1032 quie
888 974 932 1015 ar·
981 956 1085 1026 iestat3
1101 972 1131 1013 es
1145 974 1198 1015 nos
1211 959 1239 1014 in
1253 961 1373 1017 eeclesia
1396 961 1507 1033 majore
1524 979 1592 1019 eum
1616 963 1719 1020 iuuere
1738 964 1789 1021 in-

7 1077 26 1110 ,·÷
131 1047 343 1121 chiepiscopum
369 1047 479 1103 cunetis
500 1047 698 1104 laborantibus
712 1046 799 1103 nimis
813 1046 930 1103 fidelem
982 1047 1092 1101 trentes
1105 1046 1190 1102 amici
1219 1064 1287 1104 eum
1309 1049 1494 1106 hereditariis
1508 1051 1657 1116 omnihus,
1672 1053 1789 1109 elevatis

7 1165 25 1200 ς,
132 1135 190 1194 esse
210 1136 328 1205 sciebat,
345 1152 466 1208 sperans
489 1137 550 1209 ejus
569 1136 812 1207 incolumitatem,
828 1136 866 1192 ad
878 1136 931 1192 im-
981 1149 1048 1190 cum
1064 1135 1144 1192 luctu
1158 1136 1305 1206 manibus,
1321 1136 1526 1195 miserabiliter
1540 1138 1708 1212 suscipiunt.
1721 1138 1789 1206 Quis

131 1225 300 1300 patrandam
315 1225 392 1298 ragis
409 1225 536 1297 gratiam
555 1225 794 1282 intercessionem
810 1225 871 1297 ejus
883 1232 931 1268 ¹⁸¹⁸
981 1239 1040 1278 uon
1054 1227 1123 1280 tnnc
1135 1223 1301 1297 plangeret,
1316 1241 1384 1283 cum
1398 1226 1468 1282 talia
1482 1227 1619 1285 videret?
1637 1226 1790 1294 Querimo·

7 1343 16 1380 ;
131 1314 436 1388 quaerebat3eteu1n
466 1313 929 1385 huncjamdeiecissevideret,
980 1311 1789 1389 niaautemssomnisheecnovenonlequabaturdampno.

14 1431 24 1466 :
131 1403 254 1459 dexteru
274 1403 336 1474 ejus
359 1409 406 1446 ¹⁸¹⁸
428 1401 573 1458 committi
586 1406 616 1458 et
630 1418 682 1474 per
697 1419 763 1458 eam
780 1401 874 1470 nobis,
889 1402 930 1458 la·
1016 1398 1081 1470 (iti).
1097 1396 1205 1454 Omnes
1228 1416 1281 1456 nos
1304 1401 1465 1456 confratres
1480 1400 1517 1458 ad
1538 1402 1697 1474 capitulum
1719 1407 1789 1460 tune

131 1489 226 1546 erimis
240 1491 367 1562 postulat
385 1489 520 1562 profusis.
538 1489 594 1546 Sed
605 1489 785 1562 archipresul
800 1497 849 1534 ¹⁸¹·
864 1506 930 1546 cum
980 1485 1139 1554 venientes,
1155 1490 1278 1558 nepotes
1299 1504 1398 1544 meum
1424 1491 1498 1561 (778)
1513 1493 1632 1562 excepto
1647 1490 1788 1546 Bennone

6 1549 26 1646 ⁶:
127 1579 188 1650 jam
203 1577 270 1634 finis
280 1577 403 1646 adesset,
415 1577 512 1634 nescio
528 1578 598 1650 quid
610 1578 710 1634 videus
724 1579 762 1634 ad
773 1579 878 1646 levam,
892 1577 931 1632 si·
981 1574 1126 1647 eligimus,
1146 1574 1178 1648 (i.
1196 1575 1260 1650 tat)
1278 1593 1337 1634 non
1350 1577 1406 1633 hoc
1420 1577 1457 1633 ob
1468 1577 1790 1651 juventutemejusim·

131 1683 187 1741 guo
200 1669 306 1723 sanctes
329 1665 420 1722 crucis
438 1669 575 1740 potenter
594 1667 713 1723 dextera
736 1683 766 1723 se
781 1665 886 1730 munit,
903 1669 932 1722 et
982 1663 1054 1734 pleri
1069 1679 1154 1737 posse
1162 1669 1323 1736 sperantes,
1331 1664 1383 1721 sed
1396 1681 1450 1738 pro
1462 1665 1666 1723 conservandae
1675 1666 1790 1722 electio·

11 1791 20 1802 ⁴
131 1772 245 1812 aversos
259 1770 381 1828 corpore
400 1757 429 1810 et
451 1755 542 1823 vultu,
559 1753 702 1811 contraxit
725 1755 830 1812 taciem
850 1755 931 1828 quasi
982 1751 1130 1824 nisgratia
1147 1768 1180 1808 ae
1203 1761 1250 1796 ¹³⁸¹
1264 1753 1384 1809 caritate
1402 1753 1610 1827 archiepiscopi
1633 1753 1789 1827 Taginonis

5 1885 25 1912 .,
131 1843 304 1916 ploraturus,
318 1845 347 1898 et
361 1859 429 1898 mox
443 1843 555 1900 remisit
565 1845 656 1900 laetus.
675 1843 705 1917 li.
729 1844 796 1916 {28'1
813 1844 872 1899 iloe
886 1852 933 1889 ¹³⁸⁰
948 1839 1110 1902 Bmaxime
1134 1840 1284 1897 iacientes.
1298 1841 1424 1914 Vespere
1436 1845 1534 1898 autem
1549 1842 1637 1911 laeto,
1653 1842 1790 1899 &nultus

6 1975 25 2009 Ἀ
131 1947 184 2004 ego
198 1931 307 2000 videns,
322 1931 359 1987 ob
376 1929 525 1986 tristiciam
540 1945 671 2003 egressus
683 1947 758 2000 sum,
772 1933 801 1986 et
813 1931 933 1988 interim
983 1928 1061 1986 venit
1084 1928 1244 2002 episeopus,
1270 1929 1502 2004 quibuscumque
1527 1930 1615 1987 valuit
1635 1929 1720 1988 bonis
1751 1929 1788 1988 ad

9 2048 20 2075 ,ι
131 2025 281 2093 presentes
295 2018 423 2076 eundem
446 2017 578 2076 uidentes
600 2021 663 2091 jam
688 2020 902 2092 semianimem,
917 2036 934 2078 a
983 2017 1045 2073 haee
1060 2017 1201 2088 aspirans.
1217 2019 1336 2076 Postera
1349 2018 1396 2074 die
1412 2022 1551 2075 renovata
1561 2018 1713 2089 electione,
1724 2034 1788 2076 eor-

5 2151 24 2186 =:.
136 2110 210 2165 lecto
223 2107 356 2180 protinus
377 2108 561 2164 elevaverunt
581 2123 614 2162 ac
629 2110 728 2180 tapeto
743 2123 934 2180 superposue·
983 2122 1036 2179 pus
1051 2105 1255 2180 archipresulis
1267 2108 1430 2163 tumulatur
1444 2107 1481 2164 ad
1496 2107 1646 2165 dexteram
1660 2111 1789 2165 anteces·

5 2264 22 2278 .,
131 2199 209 2253 runt.
224 2195 358 2254 decausis
380 2198 450 2250 tune
466 2195 659 2252 luminaribus
678 2196 813 2265 vocabar,
829 2197 933 2269 etjam
984 2193 1056 2268 soris
1069 2193 1113 2250 sui
1126 2193 1155 2252 in
1168 2194 1286 2252 susuali
1300 2194 1418 2251 manica
1436 2204 1484 2239 ¹⁸⁸⁸
1494 2195 1582 2269 (772),
1597 2199 1626 2252 et
1648 2195 1678 2252 in
1691 2195 1790 2270 vigilia

129 2286 204 2341 stola
221 2283 355 2340 indutum
379 2283 408 2339 in
432 2299 527 2356 egone
546 2283 730 2340 laborantem
753 2283 821 2343 vidi.
849 2284 935 2357 Cujus
985 2281 1193 2354 assumptionis
1202 2285 1310 2340 mactae
1319 2283 1418 2340 iteris.
1431 2282 1515 2348 Quod
1531 2283 1635 2357 regina
1647 2287 1679 2340 ut
1691 2285 1789 2359 prium

129 2372 240 2446 pectori
256 2387 324 2444 crux
339 2375 439 2428 saneta
453 2371 508 2428 tuit
528 2372 724 2444 superposita;
747 2371 777 2429 in
798 2373 935 2430 manibus
985 2371 1138 2442 comperit,
1161 2385 1214 2444 per
1242 2371 1386 2428 Geconem
1412 2371 1583 2445 pincernam
1612 2389 1696 2429 suum
1714 2372 1791 2446 regi,

12 2507 20 2544 :
129 2460 260 2517 cinerem
275 2472 303 2516 et
313 2460 413 2516 subtus
424 2458 553 2516 habebat
564 2458 702 2528 cilicium,
715 2463 745 2516 ut
756 2460 809 2516 Eid
824 2461 930 2534 episeo-
982 2459 1140 2531 jamjuxta
1151 2458 1309 2515 lietensem
1327 2459 1509 2516 urbemeum
1524 2459 1790 2532 exercitueedenti,

130 2563 185 2620 pus
198 2548 388 2605 monstrabat.
404 2548 438 2602 lit
451 2562 517 2602 cum
530 2548 573 2603 sol
588 2547 634 2604 die
647 2547 710 2619 jam
726 2548 876 2604 mediante
885 2550 935 2605 de·
985 2545 1089 2602 indixit
1103 2545 1190 2621 (780).
1209 2545 1260 2602 llic
1275 2548 1467 2603 uehementer
1485 2548 1556 2604 illud
1576 2548 1746 2618 ammirans,
1762 2553 1792 2606 et

3 2616 25 2704 ,ἲΔ
131 2636 265 2715 elinarrt,
279 2653 345 2693 eum
357 2634 475 2692 incenso
491 2633 697 2705 sibiadhibito,
708 2639 725 2692 2
738 2636 804 2692 ldus
817 2637 936 2709 Augusti
986 2635 1111 2708 qualiter
1137 2652 1167 2690 ae
1191 2650 1237 2691 res
1256 2635 1407 2691 nobiscum
1428 2636 1573 2693 habereut
1590 2636 1790 2711 interrogans,

10 2711 21 2790 ς’
131 2724 248 2780 transiit
262 2723 362 2780 anima
376 2722 438 2795 ejus
450 2721 488 2778 ad
497 2726 659 2780 creatorem
670 2741 767 2794 suum,
776 2724 853 2780 unde
862 2726 935 2794 erat,
987 2723 1125 2790 eundem,
1141 2738 1266 2795 regnum
1279 2725 1366 2795 prout
1380 2727 1531 2781 curaretur
1542 2725 1580 2781 ab
1596 2741 1642 2794 ee,
1658 2726 1791 2785 celeriter

9 2804 15 2812 ’
132 2812 339 2886 derelinquens
353 2811 432 2885 quod
447 2827 506 2867 non
520 2815 592 2867 crat.
611 2813 765 2869 orantibus
787 2815 855 2868 tunc
870 2828 936 2868 eum
987 2809 1099 2866 remisit
1116 2818 1175 2866 ¹⁸³⁴.
1194 2809 1350 2883 Epitatlum
1365 2815 1464 2868 autem
1486 2812 1714 2884 archiantistitis,
1729 2833 1790 2874 non

8 2897 11 2902 ‘
132 2901 259 2958 lacrimis
274 2900 455 2974 presentibus
466 2900 586 2969 cunctis,
596 2917 650 2973 ego
660 2900 760 2956 inielix
768 2916 822 2974 pro
838 2899 936 2956 debito
986 2898 1082 2969 lapide
1106 2896 1215 2970 aliquo,
1231 2897 1281 2954 sed
1301 2899 1426 2955 memori
1450 2900 1537 2956 corde
1561 2899 1789 2972 inscribendum,

17 2981 20 2984 ’
131 2989 253 3046 eosdem
266 3007 325 3047 non
336 2991 453 3064 adjuri3
470 2995 500 3049 et
511 2991 588 3066 quod
601 2993 670 3046 tunc
680 2988 752 3044 mihi
767 2987 896 3045 obviaret
906 2987 935 3043 in
986 2987 1088 3054 laetor,
1102 2985 1206 3041 exaudi
1220 2987 1226 3041 l
1241 2985 1404 3042 walterdus
1417 2994 1475 3055 ¹⁸⁸⁸,
1499 2987 1633 3060 quamvis
1646 2987 1789 3062 interpre-

131 3078 245 3147 auimo,
270 3095 329 3134 non
353 3094 471 3151 possum
491 3079 628 3153 cuiquam
645 3079 787 3150 prodere,
809 3075 860 3131 sed
881 3076 937 3133 hoe
987 3076 1064 3129 tetur
1078 3075 1222 3148 potestate
1239 3073 1338 3141 durus,
1353 3090 1470 3131 severus
1484 3073 1515 3129 in
1540 3078 1652 3147 aperto,
1670 3076 1791 3134 mitissi-

2 3149 21 3243 ³,
129 3169 259 3236 tanturm
275 3167 379 3224 Christi
395 3169 630 3237 iideles,meeum
645 3168 737 3234 orate,
748 3163 972 3259 ultiominus,c
988 3178 1052 3217 mus
1069 3169 1116 3205 ¹⁸¹·
1137 3159 1192 3219 luit
1219 3161 1249 3217 in
1276 3162 1399 3218 occulto.
1424 3163 1456 3218 ln
1483 3163 1589 3220 timore
1609 3165 1748 3223 continuo
1762 3167 1792 3222 et

2 3317 3 3322 .
127 3254 175 3311 cui
191 3256 304 3311 nullum
320 3257 391 3313 latet
414 3261 568 3324 secretum,
585 3271 638 3311 nec
660 3253 738 3322 huic,
757 3269 851 3326 usque
865 3251 938 3308 mihi
988 3266 1089 3307 amore
1099 3250 1179 3323 justo
1195 3252 1289 3307 Deum
1304 3250 1423 3323 agnovit
1437 3254 1467 3307 et
1479 3250 1658 3324 proximum.
1674 3253 1792 3328 Fragili-

2 3347 19 3420 J,
129 3343 188 3400 boe
204 3343 329 3417 inputet.
353 3344 422 3402 Post
444 3346 507 3402 brec
526 3343 627 3400 solutis
648 3341 804 3400 visceribus
819 3345 848 3397 et
862 3341 939 3398 intre
987 3341 1078 3395 tutem
1095 3338 1188 3394 earnis
1202 3339 1288 3394 fletus
1311 3337 1506 3396 amaritudine
1521 3340 1615 3398 crebri
1638 3345 1668 3400 et
1681 3345 1792 3401 elemo-

8 3432 11 3440 '
128 3433 293 3490 aecclesiam
308 3437 396 3506 atque
411 3433 589 3490 caminatam
602 3430 731 3506 sepultis,
752 3446 856 3504 eorpus
872 3446 937 3502 pre·
988 3427 1116 3484 sinerum
1128 3427 1264 3501 largitate
1277 3425 1416 3484 ineffabili
1431 3429 1559 3491 resolvit.
1573 3429 1701 3506 Utraque
1716 3433 1791 3506 (787)

1 3500 12 3572 ³.
125 3524 252 3594 paratur
269 3525 299 3578 et
308 3526 407 3579 saneto
424 3521 715 3594 allaripresentstur.
729 3517 770 3575 lbi
784 3520 847 3575 tum
862 3518 939 3574 faeta
987 3516 1034 3572 bie
1056 3517 1169 3590 pollens
1190 3516 1306 3583 virtute,
1324 3517 1387 3590 regi
1402 3522 1536 3590 aceeptus
1550 3519 1717 3595 cunctisque
1731 3521 1791 3594 pri·

127 3625 186 3682 pro
203 3609 346 3668 defunctis
356 3609 510 3679 memoris,
526 3626 580 3667 nos
593 3608 634 3666 ihi
647 3607 824 3676 cenavimus,
835 3610 938 3664 eteor·
988 3603 1112 3661 metibus
1121 3603 1283 3661 admodum
1294 3605 1793 3681 extitithonorandus,quamsenior

12 3763 14 3769 ,
128 3715 188 3772 pus
202 3699 307 3756 eodem
324 3699 370 3756 die
383 3715 472 3772 usque
487 3697 629 3755 adtloniri
640 3695 936 3770 (777)prosequimur.
988 3691 1095 3749 suimet
1105 3692 1310 3750 benedictione
1321 3694 1793 3772 etsclouominepreeellebat3ve·

792 3811 911 3868 VhiilAE
936 3810 1136 3871 LEOEIONES.

166 3934 219 3972 ¹⁸¹⁸
233 3923 295 3981 edd.
311 3925 352 3982 lt.
390 3933 437 3969 ¹⁸¹⁹
452 3927 513 3981 oste
525 3926 643 3982 actenus
659 3926 701 3979 to.
740 3929 789 3966 ¹⁸⁸⁰
801 3919 948 3994 Sequentia
960 3935 1043 3992 usque
1058 3918 1095 3975 ed
1110 3917 1191 3975 cetu
1209 3919 1461 3990 supersternere
1478 3921 1537 3992 scre
1551 3919 1665 3978 lucebat
1678 3926 1792 3981 matro-

129 4015 187 4056 nas
201 4001 255 4070 mse
269 3997 441 4054 Tttctmurus
454 3997 575 4108 exmovit
589 3998 618 4076 trs
631 3994 691 4053 eod.
706 3993 757 4064 sot.
776 3991 845 4049 l28'.
861 3995 911 4048 722
925 3997 950 4075 et
973 3991 1045 4073 ¹29¹,
1058 3992 1121 4048 tait.
1142 3988 1791 4122 1Jfieeorffiawgfflffgsssffimffupffi

128 4061 1216 4218 321521118241221]οξΙζοιίἱοιβιΓὲιιιιιῗιίΐῗ.ἭιΙιιίῗξῗὲοιεέιζιπινίοιιαὶάι
1236 4101 1350 4216 mutatu·
1361 4079 1549 4216 itupsspuutur
1561 4103 1640 4216 triete⁸
1653 4133 1707 4191 SS.
1720 4135 1794 4194 Juui

2 4217 8 4230 ⁶
127 4211 155 4269 1.
158 4229 196 4285 p.
213 4211 264 4268 226
280 4227 287 4266 :
303 4205 496 4274 walthardus,
510 4223 639 4334 quamvis
647 4207 773 4278 potestas
787 4205 860 4262 dura
874 4206 1135 4287 interpretatur,-
1148 4217 1262 4260 severus
1273 4219 1303 4259 m
1319 4207 1431 4275 aperto,
1447 4207 1617 4260 mitissimus
1632 4221 1663 4260 m
1678 4208 1789 4265 occulto

2 4301 10 4338 ,·
128 4280 360 4340 sentiebatur·
374 4280 467 4336 llomo
478 4279 520 4335 lui
546 4277 859 4361 temperatus,-bene
869 4278 1077 4348 morigeratum
1093 4305 1124 4318 -
1135 4275 1253 4346 gemtum
1268 4274 1397 4348 pollebat
1406 4274 1791 4340 dilectione-summatio-

128 4351 419 4423 rebatreligione.-
432 4349 578 4406 creberin
590 4350 747 4423 regillia-
761 4349 863 4405 orabat
876 4347 907 4402 in
925 4346 1070 4418 lacrymis;
1083 4377 1119 4388 -
1132 4347 1229 4418 largus
1242 4345 1465 4414 elemosinis,-
1476 4361 1563 4420 opem
1578 4346 1690 4404 terebat
1704 4349 1790 4406 mise·

128 4425 185 4480 ris.
209 4453 232 4464 -
245 4423 294 4478 llic
306 4424 464 4479 honoratus
476 4420 680 4489 virtutibus·
692 4436 725 4476 re
747 4419 754 4430 '
768 4418 900 4492 placebat
911 4421 941 4473 et
953 4417 1142 4490 primatibus3
1157 4447 1193 4458 -
1207 4417 1244 4472 ab
1257 4418 1313 4473 bec
1327 4418 1491 4486 amabatur,
1504 4449 1536 4462 -
1550 4418 1587 4475 ab
1602 4419 1657 4474 ihis
1670 4435 1792 4478 seuera·

128 4497 270 4552 batan-
281 4495 361 4550 lluue
374 4509 441 4548 suus
456 4436 848 4564 predecessorbeneffietione
860 4519 894 4530 -
910 4491 939 4544 et
952 4489 1013 4570 solo
1027 4487 1204 4570 precellebat
1216 4487 1346 4570 nomine.
1358 4518 1393 4570 -Τ
1407 4489 1530 4570 Ecclesie
1546 4506 1596 4546 sue
1612 4489 1641 4546 in
1657 4491 1792 4550 omnibus

129 4597 168 4608 -
187 4566 388 4639 propugnator
400 4567 463 4620 erat
472 4563 655 4620 fortissimus.
666 4561 779 4617 -Sine
794 4559 875 4617 omni
884 4560 1023 4626 iaetantia
1033 4589 1068 4600 -
1077 4575 1177 4614 uernis
1187 4573 1245 4614 suis
1256 4559 1400 4631 impendit
1413 4560 1547 4632 plurime.
1556 4590 1592 4602 -
1603 4561 1646 4617 tle
1656 4561 1792 4621 audiente

125 4636 292 4710 juravit-
307 4636 336 4692 et
349 4650 402 4707 pro
414 4651 482 4692 sero
493 4635 660 4699 dssrmuvit,
670 4664 705 4674 -
718 4631 798 4706 quod
811 4647 870 4688 non
885 4646 937 4704 per
951 4630 1144 4688 ambitionem
1159 4659 1194 4670 —
1209 4632 1286 4686 hune
1299 4629 1456 4703 expetisset
1469 4631 1628 4699 honorems
1641 4663 1677 4674 -
1691 4635 1742 4690 sed
1756 4635 1793 4693 oh

129 4707 292 4766 utilitatem
307 4707 425 4762 ecclesie
435 4705 595 4762 laborantis
608 4736 643 4747 -
657 4705 760 4776 etjam
770 4719 845 4776 pene
857 4701 1026 4759 deficientis.
1037 4731 1072 4742 -
1085 4701 1161 4769 Seio,
1176 4701 1257 4769 dixit,
1273 4717 1321 4756 me
1330 4717 1392 4757 esse
1406 4700 1599 4772 immeritum,
1614 4705 1717 4762 -hoe
1731 4723 1793 4763 sus-

129 4780 235 4854 cipere
249 4777 388 4834 oilleium.
401 4777 519 4833 -Sunt
529 4777 558 4832 hi
573 4776 630 4833 duo
642 4774 747 4832 iratres
757 4789 829 4847 quos
840 4773 965 4830 libenter
976 4771 1139 4855 elegissem,
1149 4771 1217 4854 1⁵¹
1229 4773 1269 4827 sic
1279 4773 1336 4828 ullo
1349 4772 1437 4828 modo
1452 4772 1514 4829 lieri
1529 4775 1653 4848 potuisse
1663 4775 1792 4836 scissem.

129 4883 171 4896 -
185 4851 280 4906 tostus
292 4852 322 4905 et
335 4853 421 4904 tenax
451 4847 572 4930 repositi
586 4846 737 4903 -viriste
749 4844 912 4901 luitsni.-
926 4843 1048 4900 Laudari
1060 4860 1090 4901 se
1100 4845 1137 4900 ab
1153 4844 1214 4899 alus
1228 4859 1319 4900 nona
1338 4844 1465 4916 petebat,
1475 4875 1510 4886 -
1520 4861 1574 4901 uec
1588 4846 1651 4903 aliis
1665 4847 1726 4920 ipse
1742 4848 1793 4906 de·

130 4921 282 4980 trahebat.
293 4949 328 4962 -
341 4864 548 4992 Genesqogram
563 4917 642 5000 duait
669 4921 699 4972 et
712 4915 897 4998 nobilissimis
920 4915 1072 4972 natalibus.
1085 4945 1122 4958 -
1136 4929 1226 4995 quam
1245 4859 1400 4996 extolYebat
1414 4915 1498 4972 bonis
1519 4916 1661 5000 moribus.
1676 4947 1712 4961 -
1726 4919 1795 4978 li'us

131 4997 224 5070 pater
238 4993 293 5066 lirp
313 4991 472 5058 dicebatur,
483 5019 518 5033 -
532 5005 581 5063 qur
595 4993 652 5046 uta
665 4987 803 5045 laudabdr
817 4986 1018 5054 decorabatur,
1033 5001 1115 5042 carus
1130 4986 1265 5041 omnibus
1277 5016 1314 5029 -
1326 5001 1385 5042 suus
1399 4989 1676 5068 contemporalibus.
1686 5020 1721 5033 -
1735 4937 1793 5049 lia-

132 5071 187 5122 ter
201 5065 262 5137 ejus
275 5062 438 5119 Amulradis
448 5061 615 5134 nomina,-
629 5061 659 5116 et
672 5059 802 5118 castitate
812 5057 921 5115 docens
932 5057 1048 5116 etbono
1064 5071 1200 5132 opere,-
1209 5055 1375 5114 bonafama
1384 5057 1453 5116 eluas
1462 5059 1621 5132 -preibat
1635 5064 1794 5119 matrones.

134 5143 191 5183 ¹⁸⁸⁸
204 5134 386 5194 mittissimus
401 5137 413 5191 t
431 5151 458 5194 u.

920 5218 1033 5278 ΝΟΜ.

179 5355 255 5430 (777)
273 5355 417 5413 Gounern
432 5353 463 5410 in
481 5351 588 5409 circulo
614 5350 720 5408 Salano
746 5347 942 5405 annumerata
990 5344 1125 5402 latiorem
1141 5345 1203 5418 ejus
1216 5347 1340 5418 partem.
1359 5345 1428 5404 llus.

138 5429 322 5505 praelectores
335 5424 575 5482 Giebicheostein.
596 5422 661 5478 llas.
1025 5415 1102 5543 (7qu
1113 5416 1324 5499 Deuobsidione
1341 5416 1461 5473 ciuitatis
1473 5413 1605 5472 hatenus
1625 5429 1703 5474 anno
1724 5417 1796 5480 totu

193 5503 244 5558 778
269 5497 315 5554 Sc.
327 5495 549 5554 Theodericum.
990 5503 1017 5544 v.
1033 5487 1082 5542 Bal
1104 5503 1172 5544 arser
1187 5487 1293 5545 Chron.
1310 5487 1457 5544 Gamerae.
1473 5487 1494 5543 l.
1510 5499 1593 5558 1u,c.
1609 5489 1636 5545 3.

179 5505 242 5644 im
272 5569 383 5626 lanies
395 5566 473 5640 apud
486 5565 658 5622 architectos
671 5561 746 5619 illius
760 5561 813 5645 asi
833 5559 941 5645 signill-
1026 5559 1101 5634 (781)
1112 5559 1150 5618 V.
1165 5575 1253 5634 supra
1263 5559 1286 5616 l.
1300 5576 1320 5631 1,
1336 5575 1361 5615 e.
1382 5562 1410 5614 2.

140 5638 468 5718 manutenebat,
488 5637 651 5713 prasertim
666 5633 781 5708 tereph,
795 5634 871 5692 latua
883 5648 941 5690 erse
1016 5665 1019 5672 ⁴
