3944 6186
249 413 318 474 ilat
805 409 954 469 nereum
972 405 1175 466 montensls
1193 407 1352 468 eelseotu
1804 417 1856 470 tlte

247 535 351 606 iuit,in
361 533 464 607 quibus
478 545 567 606 usque
583 531 613 588 in
625 533 703 588 hunc
713 530 790 588 diem
803 530 915 587 Christo
926 529 1051 586 servien-
1062 532 1091 592 A
1137 530 1194 585 Vll.
1211 529 1309 602 Surgit
1323 529 1400 585 ocius
1411 529 1511 586 beatus
1524 528 1630 597 Trade,
1650 530 1686 586 nil
1704 529 1735 586 de
1752 532 1858 603 angelica

248 621 446 696 tiumagmine
462 621 636 678 increscunt.
652 618 1051 692 Discipulornmplurinmpa·
1102 618 1210 676 visione
1222 619 1305 674 haesit
1318 635 1371 674 aas
1386 635 1477 692 eoque
1493 635 1549 691 quo
1561 619 1653 690 jussus
1667 619 1751 675 iuerat
1766 621 1859 676 irecon·

249 710 353 768 teriuit
366 715 395 764 et
413 710 572 777 institutor,
581 725 705 782 quorum
717 709 801 765 utille
809 709 919 764 Christo
927 709 1052 763 lucratus
1102 707 1206 763 tendit.
1223 707 1343 764 Sanctus
1363 708 1514 764 Remaclus
1532 711 1593 763 turn
1609 709 1860 781 occupatuseratpa-

248 802 292 856 eet
303 798 427 874 animae,
441 797 481 855 sic
495 802 525 854 et
535 797 744 871 ipsi,eteorum
757 796 1052 864 successores,multo·
1104 796 1215 852 scandis
1233 797 1262 851 et
1282 795 1418 852 curandis
1438 795 1537 852 ovibus
1559 797 1632 864 snis;
1653 800 1681 851 et
1698 813 1756 852 curn
1770 813 1862 870 proprus

247 903 314 945 rum
329 886 442 944 animas
458 887 495 943 ad
509 886 653 944 Christum
670 887 830 955 adduxere3
847 899 1053 958 quorumsane
1102 887 1204 942 beatus
1225 885 1320 940 Trudo
1345 884 1505 954 accederet,
1535 885 1582 940 ille
1606 883 1697 939 diviua
1721 885 1861 940 revelatione

247 977 352 1032 merita
362 975 392 1032 in
407 976 490 1033 illum
504 975 679 1032 redundant.
694 979 726 1032 ln
741 975 947 1031 iisfuitbeatus
961 972 1052 1027 tneo·
1104 973 1241 1030 edoctus:
1258 973 1659 1047 «surgite,inquit,propere,
1669 971 1760 1028 etviro
1771 973 1863 1044 Dei,qui

247 1066 364 1134 dandus,
380 1066 417 1120 ab
432 1080 467 1121 eo
477 1063 674 1136 proculdubio
688 1062 846 1135 disciplinis
856 1059 1052 1117 ecclesiasticis
1104 1079 1156 1119 nos
1170 1062 1292 1119 invisere
1302 1064 1391 1131 venit,
1406 1062 1520 1118 obviam
1532 1063 1603 1118 itote
1618 1079 1625 1118 :
1639 1065 1791 1117 reverenter
1802 1061 1863 1116 illan

246 1154 432 1222 informatus,
440 1152 547 1225 quippe
557 1167 646 1226 quern
656 1150 710 1206 sibi
718 1167 910 1207 successorem
921 1149 1052 1221 designa·
1104 1151 1235 1223 excipite,
1259 1161 1288 1208 et
1303 1167 1368 1208 cum
1387 1153 1499 1207 honore
1518 1151 1555 1207 ad
1581 1167 1627 1206 me
1654 1149 1817 1207 introducite.
1835 1151 1864 1204 ln

248 1244 306 1300 vit:
321 1242 370 1316 qui
384 1242 422 1298 nd
433 1245 597 1298 extremum
608 1244 719 1314 martyr
729 1240 850 1296 abcessit
865 1238 956 1295 evita.
969 1240 1054 1293 item·
1103 1258 1195 1316 prope
1208 1246 1261 1311 est,
1274 1241 1415 1297 occurrite
1432 1241 1471 1296 illi
1492 1240 1657 1296 celeriter.»
1675 1239 1781 1294 Faciunt
1795 1237 1827 1293 illi
1843 1242 1865 1292 ut

246 1349 302 1406 (111Θ
316 1333 431 1388 sancius
444 1330 624 1398 lambertus,
640 1329 689 1402 qui
704 1327 805 1385 iiidflm
814 1344 866 1384 ³¹¹⁸
880 1328 1053 1399 iimpflsifliss
1104 1342 1187 1388 erant
1197 1330 1280 1402 jussi,
1292 1328 1670 1386 etsenclum'lrudunemad
1676 1328 1781 1383 beatum
1787 1327 1866 1382 bena-

247 1423 407 1493 martyrem
423 1418 573 1492 egregium
585 1435 615 1474 ee
641 1417 778 1474 exhibuit.
811 1419 913 1472 Beatus
937 1431 1051 1488 quoque
1105 1421 1192 1488 cium,
1206 1419 1286 1474 domi
1305 1435 1371 1474 cum
1389 1418 1446 1473 suis
1463 1419 1644 1482 manentem,
1662 1415 1804 1470 adducunt.
1817 1415 1866 1468 ter-

246 1508 395 1576 aselinus,
411 1507 441 1562 iss
454 1507 609 1579 Aquitania
638 1510 733 1573 ssatus·
757 1507 785 1561 Oi
809 1503 1054 1578 peregrinationis
1104 1509 1261 1565 nensillum
1274 1508 1336 1579 pius
1348 1511 1431 1579 pater
1440 1507 1541 1578 surgit,
1553 1508 1582 1562 et
1596 1521 1655 1578 prae
1668 1503 1765 1577 gaudio
1774 1503 1866 1570 lienem

247 1597 321 1670 ejus,
350 1599 381 1651 ut
401 1580 628 1665 lentur,come's:
652 1595 702 1668 qni
717 1594 741 1651 ei
759 1594 932 1666 quandoque
945 1591 974 1646 in
990 1593 1053 1647 loco
1104 1591 1867 1668 ejusoscularnit;volentemadipsiuspedesseabji·

247 1688 357 1742 secreto
372 1684 462 1757 digna
475 1686 534 1740 Deo
550 1683 643 1741 studia
657 1687 685 1740 et
697 1700 785 1758 opera
796 1683 939 1740 exercenti
950 1681 1052 1754 pervi-
1104 1703 1169 1741 cere
1185 1685 1302 1755 retinet,
1324 1701 1449 1757 moxque
1469 1682 1565 1757 erigit,
1580 1687 1609 1738 et
1623 1683 1658 1738 ab
1673 1681 1769 1737 intimo
1781 1683 1867 1754 pectore

247 1791 311 1832 snm
324 1774 469 1846 apparuit,
483 1775 563 1829 vultu
578 1777 724 1838 venustus,
740 1773 850 1845 capillis
864 1771 1052 1838 reverendus,
1104 1774 1211 1846 gratias
1223 1788 1313 1846 agene
1326 1774 1384 1828 ileo
1397 1789 1427 1827 2«
1439 1771 1481 1828 Sit
1495 1771 1559 1834 tibi,
1571 1771 1676 1844 inquit,
1685 1770 1746 1825 tesu
1760 1769 1822 1824 bone
1832 1783 1868 1837 per

247 1864 358 1919 statura
367 1861 479 1936 reliqua
489 1862 754 1935 praestantissimus,
763 1863 924 1934 futuraeque
934 1876 1053 1915 conver·
1067 1847 1093 1908 Β
1105 1862 1245 1934 Spiritum
1259 1865 1391 1918 sanctum
1406 1877 1471 1917 cum
1483 1864 1593 1916 aeterno
1608 1861 1692 1915 Patre
1701 1857 1813 1914 visitator
1824 1855 1868 1910 eni-

247 1951 366 2008 eatiouis
381 1954 410 2007 et
420 1956 568 2025 perpetuae
581 1951 685 2024 quietis
698 1953 806 2019 locum,
818 1952 988 2022 fontemque
1002 1951 1054 2005 hu-
1105 1967 1231 2019 marum,
1247 1951 1350 2023 gloria,
1365 1951 1435 2017 laus,
1448 1953 1477 2005 et
1488 1949 1634 2021 jubilatio,
1651 1948 1699 2020 qni
1711 1945 1868 2003 voluissetnos

247 2040 342 2096 manis
355 2040 453 2097 usibus
465 2044 662 2113 opportunum
677 2039 821 2096 indicavit
830 2039 898 2105 Quae
905 2055 950 2094 res
956 2038 1055 2094 hodie·
1103 2043 1157 2097 hnc
1174 2040 1221 2096 die
1234 2038 1376 2094 consolari
1392 2037 1516 2094 adventu
1526 2039 1613 2110 hujus
1625 2035 1725 2092 ramuli
1738 2034 1785 2104 tui,
1798 2034 1820 2088 in
1829 2047 1868 2104 qne

245 2145 302 2202 que
317 2129 453 2185 omnibus
464 2129 586 2184 minime
598 2129 719 2185 obscura
730 2131 771 2184 est
779 2127 895 2201 quando
906 2127 935 2181 in
949 2125 1053 2181 eodem
1104 2131 1280 2186 inhabitas.»
1287 2126 1461 2200 Addiditque
1469 2146 1493 2184 :«
1502 2129 1584 2194 Ettn,
1592 2127 1633 2183 illi
1641 2123 1869 2194 mi,sisbenedictus

248 2217 311 2274 loco
327 2233 449 2290 corpore
465 2217 597 2289 quiescit,
605 2215 884 2288 etspiritupraesens,
899 2214 1054 2270 innumera
1105 2219 1269 2286 ebornino,
1286 2218 1334 2290 qni
1346 2221 1375 2272 tc
1391 2217 1527 2290 dignatus
1548 2221 1591 2272 est
1606 2217 1721 2271 mittcre
1737 2212 1769 2268 ad
1787 2227 1837 2275 nos,
1851 2214 1870 2262 ct

246 2306 304 2362 illic
320 2306 448 2380 quotidie
464 2305 648 2362 credentibus
675 2304 816 2361 beneficia
841 2307 978 2376 praestare
994 2319 1054 2358 non
1105 2307 1280 2363 desiderium
1300 2305 1390 2362 animi
1412 2307 1453 2362 tui
1475 2307 1588 2363 occulta
1611 2303 1790 2378 inspiratione
1811 2297 1871 2354 nohis

247 2399 350 2456 cessat.
1104 2395 1277 2468 significare.
1296 2395 1371 2452 Scito
1386 2393 1474 2467 igitur
1485 2395 1622 2466 deinceps
1636 2397 1665 2449 te
1676 2391 1743 2447 mibi
1755 2386 1871 2445 charitatis

283 2485 329 2540 Vl.
344 2486 434 2540 Porro
451 2487 549 2540 autem
574 2483 605 2538 in
629 2483 721 2540 sancti
744 2482 886 2540 trudonis
913 2483 1054 2539 electione
1100 2485 1166 2557 jure
1179 2483 1270 2540 illium
1286 2485 1471 2557 lore,meque
1487 2500 1604 2556 semper
1613 2483 1664 2539 tibi
1675 2481 1760 2554 petris
1767 2473 1872 2550 spiritalis

249 2587 308 2628 non
332 2571 488 2628 diiflcnlter
515 2574 610 2644 potest
650 2570 841 2628 animadverti
870 2588 928 2645 qna
957 2573 1052 2628 interr·
1104 2571 1422 2644 ofilciapraestitnrnm.
1438 2571 1505 2628 ldilri
1524 2573 1608 2627 enim
1626 2587 1706 2626 servo
1726 2585 1772 2625 sue
1788 2563 1872 2621 revela·

247 2661 328 2718 tione
350 2663 464 2716 sauctus
502 2659 545 2716 vir
565 2660 657 2716 causis
683 2661 712 2716 ct
753 2659 888 2717 custodiae
911 2659 1053 2717 Dominici
1103 2662 1144 2718 vit
1157 2663 1298 2718 Dominus
1308 2662 1377 2736 quid
1390 2678 1442 2733 pro
1456 2661 1561 2717 animec
1573 2662 1731 2716 turesalute
1741 2653 1872 2713 iaciendum

249 2749 347 2824 gregis
370 2745 571 2820 invigilaverit,
593 2764 682 2821 quam
705 2747 732 2804 ei
757 2765 817 2804 non
841 2749 965 2805 deluerit
986 2766 1054 2823 pro·
1103 2751 1156 2807 tibi
1179 2750 1216 2807 sit
1236 2769 1243 2806 z
1264 2755 1293 2807 et
1316 2768 1349 2807 ex
1368 2768 1416 2806 me
1436 2750 1526 2806 disces
1544 2748 1786 2822 quemadmodum
1807 2741 1873 2816 possis
1939 2763 1940 2781 1

248 2839 355 2911 phetice
384 2836 511 2910 spiritus,
540 2850 629 2911 quam
651 2836 776 2911 denique
803 2837 833 2892 in
860 2837 920 2906 illo,
945 2854 1053 2910 magno
1104 2825 1315 2911 composeiilci
1333 2841 1392 2896 voti
1411 2839 1463 2896 tui.
1484 2839 1624 2912 Cognovi,
1641 2837 1760 2894 Domino
1779 2849 1818 2890 me
1836 2829 1874 2883 111·

249 2925 353 2984 Christi
362 2941 464 2982 amore
472 2925 614 2998 flagrante
622 2925 1053 2996 cupiditatesomuesexstinctae
1104 2931 1198 2996 cente,
1214 2927 1243 2983 iu
1259 2926 1382 3002 pueritie
1401 2932 1430 2984 te
1442 2927 1561 2996 vovisse,
1576 2927 1599 2982 si
1622 2926 1673 2982 tibi
1692 2937 1822 2980 sacrarum
1841 2920 1874 2973 lit·

247 3017 366 3074 luerint.
383 3016 521 3074 Pastorali
532 3016 578 3072 ille
591 3007 781 3074 sollicitudine
790 3016 958 3089 parochiam
971 3032 1053 3072 suam
1103 3020 1233 3074 terarum
1243 3018 1369 3090 cognitio
1378 3018 1554 3092 quaudoque
1568 3017 1743 3088 obtingeret,
1756 3009 1873 3070 ecclesian

248 3121 393 3179 promore
408 3103 554 3173 visitabat,
565 3109 594 3160 et
604 3121 676 3178 quos
686 3108 832 3178 poterat,e
847 3104 1055 3178 lnporumlau-
1071 3104 1135 3218 Cin
1150 3105 1240 3162 iundo
1253 3109 1302 3162 tuo
1310 3109 1339 3162 te
1349 3109 1690 3178 constructurum,ntque
1702 3103 1755 3159 illic
1766 3097 1873 3156 nomino,
1938 3151 1939 3180 ,

249 3196 329 3252 cibus
343 3195 522 3264 extrahebat,
543 3210 716 3268 summoque
740 3195 847 3267 pastori
876 3194 946 3250 lucri
960 3194 1054 3250 iacere
1105 3194 1175 3251 dum
1191 3194 1302 3264 vixeris,
1322 3195 1541 3252 famulaturum.
1557 3195 1653 3250 isthuc
1671 3197 1762 3250 autem
1782 3189 1827 3244 hoc
1842 3199 1875 3238 11-
1938 3183 1939 3196 ’

250 3285 420 3342 conabatur.
434 3283 521 3340 Bonis
536 3283 711 3340 adminiculo
727 3287 799 3354 erat,
815 3288 847 3339 ut
874 3283 978 3339 iterent
992 3301 1054 3340 me·
1106 3282 1173 3340 dine
1191 3289 1219 3341 te
1240 3286 1352 3342 noveris
1370 3287 1593 3357 completurum.
1615 3283 1721 3340 Sancto
1740 3283 1875 3353 protomar·

250 3374 352 3430 liores:
368 3371 481 3430 desides
495 3375 582 3444 atque
598 3375 746 3444 torpentes
760 3376 792 3428 ut
806 3371 843 3428 ad
858 3372 1009 3429 meliorem
1025 3390 1054 3428 se
1105 3373 1161 3448 tyri
1185 3375 1332 3448 Stephano
1358 3375 1434 3447 apud
1454 3375 1555 3430 urbem
1576 3373 1732 3430 lietensem
1753 3373 1808 3424 tuas
1827 3379 1875 3436 pes·

251 3464 366 3535 frugem
392 3462 566 3534 reciperent,
594 3461 776 3517 hortabatur.
804 3463 918 3517 interea
941 3465 1055 3517 sanctus
1105 3463 1245 3520 sessiones
1257 3462 1406 3531 elimasat
1419 3462 1455 3518 eb
1470 3463 1532 3533 ejus
1546 3461 1602 3517 loci
1618 3456 1815 3516 habitatoribus
1823 3450 1875 3506 sni-

250 3550 358 3619 trudo,
374 3549 539 3606 etiamnum
551 3565 633 3621 puer,
641 3549 751 3621 primos
760 3549 1055 3621 jamvirtutislructus
1105 3557 1156 3625 pta
1168 3552 1265 3609 divina
1280 3551 1437 3608 doceberis.
1450 3551 1482 3606 ld
1498 3551 1545 3605 ubi
1569 3536 1875 3608 consecutusneque

251 3637 430 3711 proferebat.
443 3637 574 3710 Cumque
582 3636 744 3711 hissuperbi
751 3639 898 3712 sanguinis
908 3639 999 3695 multa
1007 3655 1056 3711 ge·
1106 3659 1154 3700 me
1166 3641 1282 3708 redibis,
1292 3643 1321 3695 et
1332 3640 1482 3696 ecclesiam
1498 3655 1555 3712 quo
1573 3640 1653 3695 voles
1668 3639 1740 3704 loco,
1755 3639 1782 3690 ut
1796 3647 1820 3687 es
1830 3628 1874 3702 pei·
1937 3679 1938 3682 ,

251 3725 408 3783 nerositate
423 3727 558 3798 polleret,
567 3725 664 3796 major
673 3728 773 3783 tamen
781 3727 902 3783 eidivini
911 3729 1018 3784 amoris
1026 3735 1055 3786 et
1105 3731 1209 3799 licitus,
1226 3729 1392 3788 aedificabis.
1409 3751 1423 3780 »

250 3815 390 3872 virtutum
406 3815 589 3887 sederatque
603 3814 833 3872 studiumiuerat
844 3817 916 3873 adeo
929 3821 1055 3892 utquau·
1139 3821 1208 3876 Vlll.
1220 3820 1328 3877 Deinde
1342 3835 1408 3874 curn
1421 3818 1448 3873 ei
1464 3819 1538 3874 bene
1555 3821 1691 3890 precatus
1705 3803 1874 3882 esset,dcditei

251 3905 346 3978 doque
358 3905 426 3960 roto
440 3920 470 3960 se
476 3901 660 3977 obligaret,si
671 3902 782 3961 Christo
789 3905 949 3978 opitulante
960 3925 1055 3965 sacras
1106 3909 1216 3966 litteras
1225 3925 1289 3964 suas
1299 3908 1474 3964 adldetensis
1487 3906 1564 3963 urbis
1576 3907 1754 3980 episcopum,
1767 3901 1874 3976 quicum.

250 3991 396 4050 didicisset
409 3993 530 4062 litteras,
546 4009 576 4048 se
593 3991 622 4047 iu
638 3991 729 4048 tundo
741 4009 791 4049 suo
803 3995 952 4052 ecclesiam
968 3996 1057 4053 aedifi·
1107 4003 1138 4054 ut
1148 3998 1281 4055 divinitus
1292 3996 1345 4070 ipsi
1360 3997 1519 4052 revelatum
1532 3999 1606 4064 erat,
1621 3995 1817 4050 institueretur
1827 4001 1875 4040 crn-

251 4084 393 4151 caturum,
415 4081 473 4137 iilic
495 4083 636 4156 perpetuo
666 4081 789 4138 nomino
812 4085 998 4155 serviturum,
1027 4088 1057 4141 et
1107 4087 1191 4143 diret.
1207 4087 1335 4142 Praeerat
1347 4088 1415 4141 tune
1434 4083 1551 4140 Meteusi
1569 4083 1702 4139 Ecclesia
1722 4075 1873 4149 clodulphus,

250 4187 322 4246 quos
342 4172 449 4244 posset,
468 4171 505 4227 ad
529 4169 579 4227 ltei
602 4172 712 4226 cultum
734 4173 763 4226 et
787 4171 981 4228 ministerium
1001 4173 1055 4230 sibi
1106 4175 1183 4232 beati
1197 4174 1349 4246 ernulphi,
1365 4177 1397 4229 ut
1412 4189 1497 4229 carne
1513 4173 1598 4239 iilius,
1614 4173 1656 4228 ita
1668 4173 1798 4227 virtutum
1811 4161 1875 4220 neri-

249 4261 342 4317 socios
350 4263 590 4333 aggregaturum.
601 4260 695 4331 Atque
708 4273 741 4315 eo
757 4259 884 4332 flagrans
900 4261 1054 4334 desiderio,
1107 4262 1143 4319 tis
1157 4263 1187 4319 in
1203 4263 1373 4337 pontillcatu
1391 4278 1536 4318 successor
1550 4261 1744 4334 dignissimus.
1759 4260 1781 4312 ts
1797 4257 1874 4310 111111-

250 4347 511 4405 nocturnavisione
527 4345 661 4416 allicitur,
672 4351 701 4403 et
712 4349 844 4420 angelica
858 4350 1055 4409 consolatione
1066 4382 1093 4442 D
1106 4352 1224 4408 nissime
1238 4351 1357 4408 beatum
1375 4351 1540 4407 Trudonem
1560 4349 1717 4424 excipiens,
1734 4363 1786 4402 non
1804 4343 1874 4397 solun

250 4439 328 4493 hunc
346 4437 376 4492 in
399 4437 522 4493 modum
541 4435 733 4492 confirmatur
749 4453 755 4493 :
773 4457 789 4491 1
806 4438 934 4508 Noveris,
952 4439 1054 4506 frater,
1106 4443 1167 4514 eJus
1179 4440 1266 4515 ipsius
1282 4457 1376 4510 causa,
1392 4438 1545 4495 sedetiam
1560 4441 1683 4510 propter
1696 4433 1780 4492 sancti
1794 4432 1873 4486 aena·

251 4525 347 4600 inquit
358 4526 488 4598 angelus,
505 4528 616 4581 eavota
631 4524 812 4598 quaeChristo
829 4543 1054 4603 pucrnuncupa-
1105 4516 1874 4602 ctiegregiamcommendationem,caustsadventuscjus

252 4612 301 4670 stis
311 4614 352 4670 illi
363 4629 424 4670 esse
436 4619 532 4686 grata,
547 4630 702 4688 precesque
713 4613 795 4671 illum
807 4616 954 4674 admisisse
968 4622 1031 4675 tuas
1046 4635 1054 4676 ε
1106 4618 1333 4694 cognitis‚sacris
1347 4634 1413 4673 enm
1424 4617 1526 4674 litteris
1540 4621 1570 4672 ct
1584 4614 1683 4671 divina
1698 4616 1757 4686 lcge
1769 4607 1873 4666 erudien-

250 4722 305 4762 nec
320 4705 434 4762 dubites
456 4703 523 4778 quia
542 4705 620 4777 quod
638 4708 817 4776 preveniens
835 4709 889 4765 tibi
909 4710 1053 4782 aspiravit,
1107 4713 1176 4769 dum
1187 4709 1305 4776 curavit,
1322 4709 1351 4764 et
1365 4725 1436 4781 quas
1450 4707 1553 4762 obtulit
1567 4710 1668 4762 sancto
1684 4703 1817 4776 Stephano
1826 4709 1873 4766 por

251 4793 1054 4873 eiistmidl'ufflil‘fflsiilir⁰⁵i³⁰¹¹i¹¹r¹¹⁶retallectumpau·
1105 4802 1244 4860 sessiones
1268 4797 1399 4870 suscepit.
1420 4795 1510 4852 Multis
1532 4811 1599 4851 vero
1628 4793 1713 4849 annis
1732 4789 1783 4845 illic
1800 4796 1871 4840 moras
1934 4793 1935 4815 ³

252 4885 388 4941 ducturus
405 4884 437 4940 in
459 4883 606 4940 effectum.
623 4886 673 4940 lile
693 4885 824 4959 inquam,
844 4888 985 4960 sapientia
1004 4909 1055 4947 sua
1105 4889 1270 4946 trahentem
1280 4873 1872 4957 benehabuit,diligenterqueinstructumet

250 4974 362 5032 imbuet
376 4990 426 5030 cor
443 4977 540 5044 tnum;
557 4977 587 5029 et
609 4973 722 5031 erudiet
736 4980 764 5032 te
779 4978 929 5050 preceptis
945 4979 1011 5049 suis,
1026 4986 1056 5038 et
1106 4972 1620 5048 sacerdotioinitiatum,sanctepatri
1636 4969 1766 5027 liemaclo
1776 4958 1872 5020 remisit

250 5063 347 5136 legem
355 5063 430 5118 hanc
437 5061 573 5118 inscribet
578 5063 687 5134 pectori
693 5065 850 5120 tuo.Porro
857 5067 953 5122 autem
967 5068 1056 5126 etiam
1106 5073 1132 5125 la
1146 5071 1318 5142 percontans
1331 5083 1364 5122 ex
1378 5082 1413 5121 eo
1427 5063 1496 5138 quid
1507 5063 1647 5120 ltominus
1662 5059 1708 5116 isti
1716 5051 1872 5132 praestitisset,

252 5153 288 5209 ad
302 5150 499 5208 ecclesiasticas
514 5150 664 5224 dignitatis
679 5151 780 5208 munia
792 5153 930 5224 eveheris,
938 5159 1056 5214 multos·
1107 5164 1136 5216 et
1146 5176 1217 5215 num
1229 5173 1368 5232 prospero
1383 5155 1486 5212 itinere
1501 5155 1575 5209 ultro
1588 5152 1717 5224 citroque
1732 5161 1790 5202 usus
1807 5139 1871 5200 esset

251 5258 307 5314 que
329 5241 440 5298 Christo
461 5243 491 5296 et
508 5238 641 5296 Ecclesia
661 5239 721 5313 ejus
742 5239 816 5296 illios
838 5241 892 5298 tuis
909 5245 1002 5302 verbis
1026 5251 1056 5304 et
1106 5250 1155 5306 ubi
1169 5247 1312 5320 comperit
1324 5262 1391 5302 eum
1404 5244 1434 5300 in
1450 5242 1537 5300 sacris
1548 5239 1649 5297 litteris
1661 5229 1870 5319 beneeruditnn.

251 5328 782 5404 exemplogenerabislltqueutdehis
792 5331 898 5388 certior
908 5333 1051 5408 eillciaris,
1104 5339 1262 5396 immensas
1275 5337 1333 5392 lieo
1346 5334 1453 5407 gratias
1466 5333 1535 5404 agit,
1543 5331 1582 5385 ita
1595 5329 1707 5384 dicens:
1720 5349 1733 5376 u
1748 5323 1809 5377 Laus
1824 5313 1870 5374 tibi,

251 5417 370 5475 beatum
393 5418 564 5473 Remaclum
589 5416 678 5484 adito,
699 5417 749 5488 qui
773 5433 832 5474 non
856 5425 957 5491 procul
985 5425 1053 5484 hinc
1105 5429 1201 5496 Peter,
1214 5424 1337 5482 Domine
1347 5423 1444 5480 coeliet
1456 5417 1635 5492 terrae,quod
1646 5413 1781 5488 complere
1791 5405 1871 5474 digna-

253 5505 345 5563 abest.
362 5505 405 5561 llli
420 5507 494 5562 Deus
506 5505 641 5562 revelavit
659 5504 728 5578 quid
746 5503 798 5563 tibi
817 5507 984 5568 iaciendum
1006 5516 1053 5573 sit.
1105 5521 1151 5575 tus
1165 5533 1194 5573 es
1205 5533 1239 5572 ea
1249 5533 1311 5588 qua
1321 5513 1392 5570 mihi
1406 5511 1441 5568 de
1452 5509 1616 5567 tuofamulo
1629 5505 1869 5563 revelaveraseun-
1932 5491 1933 5508 ³

251 5597 302 5654 llle
322 5593 428 5670 diriget
446 5610 559 5670 gressm
577 5596 652 5666 tuos,
672 5610 729 5670 quo
749 5598 781 5654 tn
794 5599 946 5676 tantopere
976 5605 1052 5682 aspi·
1104 5623 1160 5683 que
1172 5606 1210 5662 ad
1222 5621 1281 5669 me,
1297 5603 1353 5660 tuis
1363 5600 1513 5678 praeceptis
1528 5602 1640 5669 tneque
1655 5593 1722 5666 legis
1733 5581 1867 5645 eruditione

248 5699 335 5747 im
1104 5695 1275 5755 instructum
1286 5696 1316 5750 et
1326 5693 1475 5761 ornatum,
1487 5687 1663 5748 ineolumem
1674 5673 1868 5740 mvmastii'ii·
