3882 6170
576 299 781 357 TlllETPALDl
795 297 904 358 EPlSl'.
921 298 970 356 Ab
984 297 1014 356 S.
1030 297 1271 358 lostatawa.

257 607 625 713 APPENDIX
660 606 752 710 AD
788 599 1178 712 EPISTOLAS
1213 607 1585 717 GOZPERTI.

488 927 1011 1018 TEGERNSEENSIUM
1048 927 1139 1016 ΕΡ]
1147 927 1353 1018 STOLAE.

443 1085 537 1159 (Apud
565 1085 753 1172 Bernardum·
772 1082 899 1150 Pezium,·
927 1081 1055 1141 stercor.
1083 1083 1188 1143 Anecd.
1216 1087 1248 1153 V,
1272 1103 1292 1154 r,
1322 1089 1394 1160 teo.)

339 1393 506 1450 EPISTOLA
528 1393 645 1456 Petita,
907 1390 976 1454 AS.
997 1389 1119 1461 Quirini,
1134 1394 1310 1466 paupercule
1322 1391 1561 1465 eleemosynatrix
1586 1396 1689 1462 vestre,
1709 1393 1752 1448 in-

244 1481 286 1534 An
301 1497 460 1536 eozrnnruu
474 1497 598 1536 suanae!
620 1496 693 1535 suuu
947 1479 1086 1536 stantiam
1101 1479 1240 1537 orationis
1254 1498 1306 1554 pro
1323 1481 1459 1555 sospitate
1472 1483 1566 1537 vestra
1581 1481 1630 1539 diu
1650 1483 1752 1540 noctu·

107 1570 139 1624 De
149 1569 216 1625 drcr's
228 1571 320 1626 anieno
336 1569 457 1643 quedem
469 1570 561 1625 atleta
585 1570 723 1625 restituere
734 1569 852 1636 volentis,
873 1573 897 1623 et
948 1584 1014 1641 que.

162 1657 191 1711 de
203 1656 378 1712 decimatione
392 1657 500 1712 cuidam
519 1658 628 1712 incluse
640 1657 704 1712 olim
716 1657 825 1712 donata.
985 1661 1088 1716 Beatus
1103 1661 1189 1716 Peter
1202 1661 1302 1715 noster
1314 1659 1469 1732 Gozpertus
1484 1677 1521 1715 xu
1535 1661 1597 1717 Kal.
1614 1661 1697 1725 Febr,
1711 1676 1755 1716 so·

132 1745 231 1802 Seniori
243 1749 344 1803 nostro
359 1746 469 1802 domno
481 1746 580 1803 abbati
595 1747 627 1801 G.
641 1747 748 1802 fratres
763 1745 817 1802 sibi
833 1747 899 1802 sub·
950 1763 1021 1804 mnu
1037 1747 1115 1821 pacis
1127 1747 1267 1820 requievit
1279 1745 1308 1802 iu
1318 1749 1508 1821 Dsrminopro
1525 1749 1687 1823 quomiseri
1702 1765 1755 1804 ne·

104 1834 169 1907 jecti,
185 1835 324 1908 quidquid
337 1835 442 1890 dilecto
452 1835 541 1894 Patri.
950 1852 1095 1909 quaquam
1110 1835 1426 1908 possumusconsoleri,
1437 1836 1491 1891 nisi
1500 1853 1560 1904 vos,
1569 1836 1754 1893 sicutunicie·

134 1924 225 1979 Frater
240 1927 342 1980 noster
356 1925 475 1980 Nonnus
490 1921 604 1996 Eigino,
621 1922 656 1978 de
667 1922 770 1980 itinere
785 1941 842 1996 quo
859 1924 899 1980 di·
949 1921 1111 1994 simuspost
1124 1924 1217 1980 Deum
1233 1924 1317 1980 nobis
1332 1923 1399 1978 estis
1414 1923 1549 1992 domnus,
1561 1923 1699 1996 itaetipm
1713 1924 1755 1980 ri-

104 2014 247 2067 recluserat
263 2011 476 2068 monasterium
486 2027 646 2084 regressus,
662 2011 760 2067 retulit
770 2012 897 2068 nobisde
950 2011 1079 2066 seeribus
1085 2009 1430 2084 pioepaternitetisnostri
1441 2011 1573 2067 misereri
1582 2009 1754 2084 dignemini.

107 2099 201 2154 domno
221 2103 323 2155 nostro
354 2101 425 2155 duee
443 2100 522 2172 quod
542 2101 704 2173 sponderat
722 2117 752 2155 se
773 2099 899 2157 libenter
949 2099 1080 2154 Primum
1089 2099 1213 2170 pedibus
1226 2099 1328 2154 vestris
1340 2098 1401 2154 solo
1414 2101 1500 2154 tenus
1507 2097 1754 2170 prostratibumili

103 2186 161 2240 selle
173 2187 326 2242 restituere
342 2203 407 2258 quae
426 2186 606 2242 monasterio
623 2189 723 2242 nostro
750 2187 895 2243 abstracta
947 2190 1068 2261 precatu
1083 2187 1280 2260 supplicamus
1294 2203 1332 2243 ne
1360 2187 1456 2243 locum
1487 2186 1754 2258 monasteriumque

108 2278 163 2330 sunt
177 2273 502 2346 inoriente,jussitque
530 2275 651 2329 tratrem
670 2271 795 2346 liegiub.
824 2267 896 2330 inibi
948 2276 977 2334 S.
999 2274 1110 2340 Quirini
1124 2275 1208 2332 ullius
1224 2275 1295 2332 alius
1304 2291 1434 2348 unquam
1446 2273 1581 2348 potestati
1591 2271 1755 2332 concedatis

101 2365 257 2433 exspectare,
274 2365 306 2417 ut
315 2377 345 2417 se
353 2362 599 2417 commonefaciat
606 2362 642 2417 de
655 2361 699 2416 his
713 2376 895 2434 quaeeunque
947 2363 1002 2420 nisi
1018 2367 1131 2432 restria,
1150 2381 1187 2420 ne
1202 2363 1302 2419 vestris
1312 2363 1494 2434 temporibus
1506 2364 1576 2430 [res]
1590 2379 1661 2434 quas
1672 2363 1755 2434 pater

100 2449 203 2505 sintillic
212 2450 402 2523 requirenda,
412 2452 440 2505 et
452 2449 507 2505 boc
522 2449 639 2522 quando
661 2465 737 2504 nune
751 2450 895 2522 proxime·
945 2456 1042 2508 vester
1052 2453 1207 2526 ceterique
1220 2454 1356 2526 parentes
1375 2451 1462 2508 vestri
1478 2452 1515 2508 ob
1539 2452 1754 2524 eleemosynam

101 2537 315 2594 domnusnoster
324 2538 379 2595 dur
390 2536 456 2593 illue
467 2538 715 2594 revertetur.Nam
729 2537 819 2594 freter
834 2538 894 2593 lle·
945 2541 987 2597 sui
1001 2541 1068 2597 huie
1079 2541 1256 2598 monasterio
1277 2542 1494 2609 concesserunt,
1507 2538 1637 2596 subtrahi
1651 2539 1694 2596 vel
1709 2539 1753 2596 di-

101 2627 167 2698 ginb.
180 2629 276 2684 adbuc
289 2628 346 2683 illic
355 2630 511 2697 exspectat,
523 2631 552 2683 et
565 2627 594 2682 in
607 2625 775 2684 maturitate
793 2627 892 2682 vinde·
944 2629 1046 2686 stribui
1062 2630 1099 2686 ab
1114 2629 1258 2703 aliquibus
1269 2629 1411 2698 ridentes,
1424 2647 1477 2686 nos
1489 2627 1754 2702 posteriquenostri

101 2714 668 2788 niacoactusetsperegressionisdomni
679 2715 931 2784 ducis,Remeu-B
944 2735 1061 2792 semper
1076 2718 1214 2791 deinceps
1223 2719 1285 2774 brec
1299 2718 1408 2774 demna
1423 2717 1584 2785 doleamus,

101 2802 163 2872 dete,
177 2819 292 2875 precor,
306 2804 378 2860 mibi
393 2819 474 2860 serro
487 2807 582 2860 restro
593 2803 803 2870 Froumunel,si
814 2805 895 2860 dom·
981 2807 1053 2862 Cum
1065 2807 1101 2862 de
1113 2805 1282 2862 infirmitate
1298 2806 1411 2862 abbatis
1425 2804 1516 2862 nostri
1531 2805 1638 2862 causati
1654 2822 1754 2862 sumus

101 2907 136 2945 ne
150 2892 262 2948 inclusae
288 2893 325 2948 ad
346 2892 493 2964 Niunpure
512 2891 740 2947 decimationem
766 2890 893 2957 dedistis,
945 2910 1045 2950 coram
1060 2893 1150 2963 vobis,
1167 2894 1247 2967 quod
1261 2895 1297 2949 de
1313 2893 1457 2949 electione
1473 2893 1557 2949 nobis
1569 2891 1752 2966 promisistis,

100 2984 268 3050 quamentea
283 2979 431 3036 ababbate
440 2978 894 3053 uostrobabuit.Timeonemque
945 2982 1080 3056 quasillei
1093 2998 1143 3037 ore
1154 2983 1301 3054 prolatum
1316 2980 1410 3037 adbuc
1421 2980 1540 3036 llrmum
1546 2985 1690 3049 tenemus,
1697 2981 1751 3038 ite-

100 3069 126 3119 nt
134 3069 240 3138 penitus
253 3067 327 3123 hine
341 3070 451 3140 pereat,
463 3067 530 3140 quie
541 3084 692 3140 nunquam
708 3067 767 3135 [ed]
780 3067 895 3123 investi·
944 3087 1068 3143 rumque
1081 3069 1207 3142 petimus
1220 3085 1274 3142 pro
1290 3085 1391 3126 amore
1407 3067 1458 3125 nei
1472 3070 1501 3125 et
1516 3069 1546 3124 S.
1563 3068 1687 3138 Quirini,
1714 3085 1764 3136 ne,

102 3155 183 3212 turem
197 3160 340 3213 nostram
352 3159 483 3224 venerat,
496 3154 547 3211 sed
557 3171 674 3227 semper
688 3171 742 3228 per
754 3154 896 3212 benetlcia
945 3161 1025 3215 extra
1039 3157 1212 3231 petitionem
1227 3156 1498 3230 nostrameliquem
1514 3155 1599 3214 nobis
1613 3156 1750 3213 abbatem

100 3241 156 3299 binc
169 3245 234 3301 inde
248 3244 423 3318 vagabatur.
945 3245 1137 3301 constituetis.
1152 3244 1274 3310 Quando
1287 3245 1413 3318 denique
1425 3244 1502 3300 felici
1512 3244 1692 3319 regressione
1702 3261 1752 3320 pa·

384 3333 552 3390 epistota
566 3334 598 3390 ll.
944 3333 1032 3390 triam
1042 3333 1262 3404 venitis,corem
1273 3333 1543 3407 robiscongregeti
1555 3333 1638 3406 jussu
1654 3337 1749 3391 vestro

260 3440 298 3480 an
316 3438 455 3478 nsuarcuu
481 3438 599 3478 nostrus
614 3437 713 3477 nucea.
945 3424 974 3478 et
988 3422 1105 3480 licentia
1118 3423 1200 3481 illum
1215 3423 1368 3496 eligemus,
1382 3438 1469 3497 quern
1485 3421 1625 3496 regularis
1632 3421 1749 3496 religio·

104 3510 256 3585 beejusdem
269 3512 402 3584 Gorperti
413 3510 487 3566 obitu
513 3513 625 3584 novique
640 3511 744 3566 abbatis
758 3511 892 3580 electione,
944 3511 989 3566 nis
1004 3515 1139 3583 putamus
1149 3515 1341 3583 servatorem,
1362 3510 1505 3585 vestrique
1518 3510 1636 3582 servitii,
1660 3527 1750 3586 quan·

129 3620 201 3673 mern
213 3609 244 3657 et
269 3600 383 3657 literam
406 3599 458 3656 sibi
479 3599 615 3668 concedat,
632 3599 726 3655 obsim
750 3606 855 3670 repant.
943 3601 1007 3656 tum
1023 3600 1139 3670 sufficit,
1153 3602 1233 3658 nullo
1248 3602 1337 3660 modo
1352 3601 1569 3660 immemorem.

130 3689 234 3747 Seniori
247 3693 352 3748 nostro
368 3687 433 3745 duri
446 3688 483 3748 ll.
506 3688 695 3763 congregatio
719 3687 893 3746 monasterii

720 3998 820 4046 cluet
841 3998 986 4047 EUNDEM
1006 3999 1127 4049 ANNUM

529 4127 1307 4291 THIETPALDUS

623 4349 961 4412 TEGERNSEENSIS
976 4351 1217 4413 MONAGHUS.

154 4612 591 4720 THIETPALDI
623 4611 975 4719 EPISTOLA
997 4612 1091 4717 AD
1121 4612 1172 4718 S.
1189 4610 1680 4718 ADELBERTUM

679 4791 848 4832 Pausstuttsts
862 4791 992 4832 ECCLESIAE
1004 4792 1161 4834 Rutenorum

102 4892 139 4962 Se,
154 4895 328 4955 Aristoteliea
337 4893 508 4969 philosophia
521 4899 682 4966 contempte,
698 4894 775 4950 rebus
789 4896 871 4952 saeris
884 4894 989 5021 studerp
1003 4897 1122 4966 nuntiet,
1144 4901 1269 4972 optatque
1282 4897 1352 4954 utei
1371 4896 1461 4953 omniu
1476 4911 1509 4953 ee
1522 4895 1609 4952 enimi
1620 4893 1752 4954 sententie

861 4981 972 5023 eumaeo
987 5007 993 5021 .

525 5085 696 5160 (bernardus
711 5084 819 5156 Pezius,
842 5085 920 5143 Tber.
937 5085 1042 5145 Anecd.
1058 5103 1131 5157 nou,
1145 5087 1178 5158 V,
1191 5103 1212 5158 r,
1226 5088 1317 5156 tut).

134 5384 219 5443 bisini
238 5388 339 5444 tluoris
353 5403 421 5444 rore
435 5386 578 5457 madenti,
602 5390 709 5443 senctae
725 5387 932 5452 Prussiensisc
946 5403 1052 5462 perum
1066 5385 1120 5442 etsi
1130 5386 1264 5457 extimus,
1275 5386 1474 5460 aspersionem
1483 5384 1630 5460 sanguinis
1640 5381 1755 5454 Christi,

108 5474 220 5532 eeclesiae
234 5477 382 5532 catlredrae
405 5475 574 5549 praesidenti
601 5478 774 5544 Annmenro,
805 5476 896 5533 unicee
949 5480 978 5532 et
993 5475 1134 5549 quidquid
1147 5475 1217 5532 illud
1230 5475 1358 5550 estquod
1366 5474 1498 5548 egregius
1510 5475 1682 5546 predicator
1690 5485 1757 5526 eum

111 5559 153 5618 tibi
164 5565 479 5640 dilectionisepiscopo,
491 5565 694 5636 lurnesianus,
712 5564 814 5637 spiritu
828 5583 898 5639 peu·
951 5565 1063 5622 Christo
1075 5565 1105 5622 in
1121 5568 1181 5623 Deo
1196 5565 1398 5624 absconditum
1413 5581 1474 5622 esse
1484 5565 1613 5622 testetur.
