3944 6186
1 3464 2 3544 j
90 3473 179 3541 Gisia,
193 3473 252 3530 suis
266 3474 376 3530 meritis
392 3491 510 3547 aqueus
526 3475 646 3547 vestigia
660 3476 738 3548 regis

92 415 160 476 ιιιι
734 410 1117 476 enaoucnra-nmv,
1689 423 1758 488 rm

89 538 139 592 50.
155 535 236 590 Nunc
253 533 287 604 (l.
309 533 363 600 79)
378 535 477 592 eutem
494 534 531 592 de
548 534 675 609 quodem
689 533 836 608 contraire
859 541 895 578 ⁸⁰⁸
905 539 932 600 A
944 539 1001 604 tus,
1018 535 1095 609 qnia,
1111 535 1164 593 etsi
1174 535 1205 592 in
1224 535 1280 594 hec
1294 537 1389 594 sacqu
1410 553 1515 612 parum
1530 538 1602 598 boni
1617 545 1756 614 operatua

90 640 171 693 meo,
195 623 316 680 nomine
343 624 486 692 Conrado,
506 641 598 698 pauca
616 625 730 696 loquar,
746 640 784 680 ne
804 631 840 666 ⁸⁰⁴
860 622 897 679 sit
946 641 1022 694 sum,
1044 629 1143 682 tamen
1155 625 1683 702 detunctorumsempermemoreum.
1696 632 1755 690 Vo-

89 713 171 786 apud
185 729 233 768 me
248 712 277 767 in
288 712 386 784 aliqua
401 713 556 782 oblivione,
568 712 617 785 qui
629 712 778 784 proximos
792 714 899 768 suimet
947 715 1043 772 luntas
1050 732 1117 777 mea
1124 716 1272 772 interdum
1281 717 1359 774 bona
1368 722 1424 786 est;
1436 719 1487 776 sed
1499 718 1567 792 quia
1576 720 1672 778 eidem
1682 721 1756 781 vires

90 801 186 858 dilixit
200 800 297 856 diviua
312 801 453 873 jussione.
475 801 525 856 hic
549 799 758 875 archicpiscopi
780 800 899 856 Gercnis
949 807 1031 876 aptas
1047 820 1202 877 suggerere
1226 813 1262 848 ⁸⁰⁹
1279 823 1338 862 non
1360 807 1472 871 studeo,
1496 823 1601 880 parum
1625 809 1755 882 prodest.

90 889 251 944 avunculus
271 889 335 957 fuit,
361 893 390 946 et
409 889 447 945 ad
461 889 659 963 peragendam
677 889 780 964 jugem
795 889 901 946 Christi
951 893 1074 966 Semper
1088 909 1135 950 me
1155 910 1267 964 accuso,
1292 895 1342 954 sed
1359 894 1432 952 sicut
1450 897 1537 953 debui
1558 901 1673 956 reatum
1695 915 1757 958 nou

90 977 261 1033 servitutem
276 986 323 1046 ⁸⁰⁵,
340 981 371 1034 ut
385 977 415 1033 iu
429 978 549 1034 homine
563 979 659 1050 potest
673 978 746 1047 lieri,
768 979 901 1034 voluntas
950 983 1028 1038 solvo
1041 1000 1048 1051 ;
1063 999 1185 1056 sumque
1196 983 1261 1040 ideo
1272 983 1302 1040 in
1311 984 1447 1042 omuibus
1457 986 1758 1061 coniglnllisvvqula

91 1069 181 1139 atque
194 1067 323 1122 efficacia
337 1067 367 1122 in
384 1084 417 1125 eo
433 1067 542 1139 pariter
552 1067 696 1124 convenit.
705 1067 807 1122 Audivi
819 1081 899 1122 nom·
950 1087 998 1132 me
1013 1087 1072 1126 non
1085 1073 1222 1128 converto
1237 1071 1352 1128 adeum
1368 1075 1417 1146 qui
1428 1076 1473 1130 est
1484 1091 1572 1148 super
1583 1075 1683 1132 omnia
1694 1077 1757 1133 lau·

91 1171 150 1227 que
166 1155 202 1211 ab
218 1155 322 1212 eodem
342 1155 482 1226 sepissine
498 1158 588 1229 quod,
612 1159 767 1230 postquam
792 1155 902 1228 aliquid
951 1159 1063 1216 dabilis.
1080 1163 1209 1232 Agnosce
1221 1159 1305 1233 (583),
1320 1163 1420 1230 lector,
1432 1179 1583 1236 procerem
1605 1173 1651 1233 ⁸¹¹,
1669 1168 1699 1221 et
1714 1165 1757 1221 vi·

90 1243 238 1299 cantando
255 1245 299 1300 vel
314 1245 439 1318 legendo
462 1245 575 1317 publice
599 1245 764 1316 complevit,
793 1244 901 1300 iterum
951 1246 1030 1302 debis
1042 1247 1073 1302 in
1088 1264 1136 1303 me
1147 1263 1269 1320 parvum
1285 1249 1522 1320 homuntionem,
1533 1251 1756 1310 mariliadeior·

89 1349 122 1388 se
137 1332 167 1388 id
182 1333 327 1388 lecturum
353 1333 497 1389 studiosus
518 1334 638 1406 optavit.
656 1335 821 1406 Numquam
837 1335 901 1390 ino·
950 1351 1028 1390 mem
1040 1337 1113 1400 leva,
1125 1339 1155 1392 et
1169 1336 1259 1392 latere
1274 1339 1389 1404 eodem,
1404 1339 1472 1412 quia
1486 1339 1554 1396 hinc
1568 1340 1638 1396 olim
1659 1342 1757 1414 erupit

91 1419 215 1476 bediens
229 1420 385 1496 propositis
402 1421 508 1477 suimet
525 1426 599 1491 erat,
621 1423 672 1478 sed
692 1437 741 1479 eos
761 1423 901 1479 charitate
950 1439 1066 1496 semper
1074 1428 1285 1498 turgescerent
1293 1426 1396 1485 listula.
1408 1428 1537 1486 Nasnsiu
1554 1429 1681 1502 puericie
1692 1431 1757 1490 ira-

90 1509 231 1565 continna
247 1517 282 1554 ⁸⁰⁶
298 1510 474 1566 cnmceteris
484 1511 900 1584 confratribussubjugaverat.
950 1516 1012 1568 ctus
1023 1512 1175 1570 ridiculum
1190 1515 1226 1572 de
1237 1532 1285 1572 me
1298 1516 1580 1590 lacitldquetotum
1590 1518 1758 1591 nilqnestua

91 1596 150 1654 Sed
173 1601 234 1654 tam
256 1599 429 1654 venerabilis
445 1615 570 1671 persona
594 1599 693 1656 cursari
709 1600 837 1676 predicto
852 1601 901 1657 ubi
950 1602 1083 1672 essem,si
1093 1602 1213 1660 interius
1221 1604 1329 1676 aliquid
1337 1605 1580 1678 splendescerem.
1600 1607 1681 1664 Nunc
1694 1623 1759 1666 sum

91 1685 229 1757 primollt
239 1690 320 1755 ructa,
333 1703 400 1743 mox
416 1688 453 1742 ab
467 1687 516 1743 illo
531 1687 662 1746 elfieetur
677 1692 775 1744 amata
783 1689 901 1763 propin·
950 1689 1048 1760 miser,
1060 1690 1146 1747 nimis
1160 1693 1327 1762 iracundus,
1341 1694 1421 1750 etad
1443 1694 1567 1756 meliora
1580 1694 1758 1760 inflexibilis,

91 1776 255 1848 quitatiqun
271 1775 377 1832 suimet
391 1776 556 1847 conjuncta.
573 1776 670 1845 Hunc,
682 1776 901 1848 nedignitatem
951 1779 1072 1847 invidus,
1096 1780 1279 1838 subsannans
1302 1781 1383 1850 alios,
1404 1782 1465 1855 ipse
1483 1781 1670 1854 deridendus,
1686 1785 1758 1857 nulli

92 1866 227 1934 optatam
240 1867 269 1919 ct
281 1864 317 1921 ab
332 1867 453 1938 augusto
467 1864 520 1920 sibi
535 1865 714 1937 propositam
727 1865 900 1938 perciperet,
914 1871 939 1932 Β
951 1884 1003 1941 pro
1015 1868 1113 1925 debito
1124 1869 1352 1943 parcensglutbs
1364 1870 1440 1942 (881)
1450 1871 1758 1940 etsimulator,evarus

92 1967 175 2008 mors
188 1951 337 2008 inmatura
350 1953 472 2025 inpedit,
486 1952 670 2026 eundemque
681 1955 717 2010 ab
730 1954 783 2009 bac
794 1955 857 2010 luce
866 1963 901 1998 ⁸⁰⁷
950 1959 980 2012 et
996 1955 1152 2026 detractor,
1166 1962 1195 2014 et
1207 1961 1240 2014 ut
1251 1959 1313 2014 haec
1328 1959 1359 2020 (l.
1371 1957 1422 2030 80)
1431 1959 1670 2017 conviciameritn
1677 1960 1759 2018 illata

92 2045 107 2096 ὅ
124 2040 270 2097 lialeudas
283 2041 462 2113 Septembris
473 2042 602 2099 abstulit.
616 2042 665 2097 llic
675 2041 790 2114 genitus
804 2043 833 2098 in
849 2043 900 2099 Sa·
950 2044 1133 2116 concludam,
1154 2047 1237 2119 pejor
1259 2062 1323 2103 sum
1339 2063 1427 2120 quam
1442 2047 1532 2120 possit
1552 2048 1608 2104 dici
1624 2049 1669 2104 vel
1683 2049 1756 2114 ulle·

90 2130 352 2203 xonia,pausatin
372 2131 464 2198 ltalia,
488 2147 575 2204 quem
601 2131 692 2186 hlium
722 2132 901 2205 spiritualem
950 2136 1175 2191 tenusestimari
1198 2145 1243 2190 ⁸¹³.
1269 2136 1428 2209 Unicuique
1452 2137 1489 2192 sit
1511 2137 1554 2194 ias
1581 2154 1642 2196 non
1663 2139 1759 2201 solum

91 2219 145 2275 llet
161 2219 385 2292 Parthenopolis
397 2219 506 2276 inclita.
950 2223 1069 2280 muttire
1083 2231 1130 2293 ⁸¹⁴,
1143 2224 1213 2297 quin
1228 2224 1327 2297 pocius
1342 2225 1372 2280 in
1387 2229 1489 2298 aperto
1504 2234 1550 2296 ⁸¹⁸,
1569 2225 1640 2301 quia
1656 2242 1758 2298 peccu-

129 2311 176 2362 5l.
195 2307 406 2380 Quamegreins
415 2325 550 2381 proceres
560 2309 590 2364 in
606 2309 660 2364 hac
671 2309 741 2366 urbe
750 2310 900 2384 vidique·
949 2313 996 2366 tor
1008 2327 1082 2380 sum,
1099 2312 1205 2380 dicere,
1228 2316 1258 2368 et
1279 2315 1345 2387 post
1363 2313 1580 2385 correptionem
1595 2315 1758 2374 fraternam
1797 2309 1801 2318 '

90 2413 161 2453 rum
173 2396 348 2452 laudabilem
359 2397 445 2452 vitam
454 2413 507 2470 pru
522 2397 619 2453 debito
628 2416 681 2454 nec
690 2399 898 2468 sumimitotus,
950 2401 1084 2473 congruit
1097 2401 1264 2476 suppliciter
1278 2417 1373 2460 orare.
1385 2402 1465 2458 Multi
1479 2419 1496 2460 a
1508 2404 1615 2476 populo
1634 2404 1758 2463 budan-

90 2501 190 2558 neque
211 2487 385 2541 memoriam
407 2502 508 2542 eorum
533 2490 598 2558 pest
611 2488 784 2544 solutionem
803 2489 899 2544 carnis
949 2492 1007 2558 tur,
1020 2489 1076 2546 nisi
1088 2507 1180 2562 pauca
1200 2507 1247 2546 res
1261 2493 1303 2547 eis
1326 2491 1464 2560 obstaret,
1489 2491 1568 2564 quod
1581 2493 1659 2554 inter
1683 2491 1758 2565 opti·

90 2573 124 2646 (l.
133 2576 179 2644 80)
188 2578 366 2647 assequutus.
377 2575 443 2630 Heu
453 2591 501 2630 me
509 2575 616 2631 misero
629 2575 738 2649 ⁸⁰⁸lqui
746 2579 789 2632 tot
799 2577 900 2633 tantis·
948 2593 1012 2634 mos
1025 2579 1216 2648 haberentur,
1229 2582 1259 2634 et
1274 2579 1342 2652 quia
1357 2596 1458 2638 verum
1469 2584 1522 2650 est,
1537 2579 1707 2638 bominibus
1722 2580 1758 2636 de

90 2679 150 2736 que
163 2663 311 2720 immerito
327 2679 391 2718 sum
406 2664 578 2735 conjunctus
591 2663 622 2719 in
636 2663 830 2734 fraternitate,
845 2666 896 2722 sed
947 2667 1126 2742 perfectione
1136 2668 1220 2740 juxta
1233 2667 1322 2724 nimis
1337 2669 1447 2738 deesse,
1463 2669 1531 2742 quid
1545 2677 1580 2714 ⁸¹⁶
1592 2669 1711 2742 prodest
1722 2668 1759 2724 de
1853 2654 1854 2661 ἵ

90 2752 180 2825 longe
195 2751 340 2808 dissimilis
355 2753 444 2808 existo
458 2752 490 2808 in
502 2751 649 2826 condigna
662 2754 896 2810 conversacione.
948 2755 1132 2813 inferioribus
1147 2756 1202 2812 hiis
1216 2757 1274 2812 tale
1290 2756 1361 2830 quid
1374 2766 1410 2801 ⁸¹⁸
1424 2758 1613 2832 promulgare
1627 2757 1641 2814 ‘i
1657 2755 1759 2814 Omnis

90 2840 152 2912 Ego
164 2839 193 2894 in
209 2840 400 2914 peccatisjam
416 2845 643 2914 penemortuus,
655 2844 687 2897 ut
699 2843 898 2914 spero,vlvam
949 2845 1010 2900 laus
1028 2844 1058 2899 in
1078 2844 1137 2900 line
1161 2845 1285 2914 canitur,
1302 2849 1332 2902 et
1351 2845 1469 2903 moralis
1490 2845 1672 2904 conversacio
1688 2845 1758 2918 igue

90 2927 123 2984 in
137 2929 233 2986 lucido
247 2932 403 3002 conspectu
416 2929 470 2986 Dei
481 2929 642 2987 eorundem
653 2929 900 2988 meritisreiocila·
950 2933 1090 3005 probatur
1100 2941 1146 2992 ⁸¹⁷.

679 3054 853 3144 LIBER
882 3055 1185 3156 QUINTUS⁸¹'.

91 3203 126 3277 (i.
143 3205 191 3276 81)
205 3203 360 3262 Heinricus
377 3205 499 3270 scandit,
512 3209 667 3280 postquam
682 3207 804 3280 puerilia
815 3207 931 3272 vicitc
948 3208 1096 3268 Fructibus
1113 3226 1146 3266 ac
1161 3208 1257 3284 dignis
1271 3210 1520 3274 curebatvuluera
1536 3210 1632 3274 carnis

90 3294 191 3350 Ardua
205 3294 342 3352 virtutum
358 3299 452 3352 cretus
466 3303 502 3339 ⁸¹⁹
517 3296 552 3352 de
567 3299 722 3354 stemmate
734 3313 852 3370 regum.
948 3298 1029 3356 Utilis
1043 3299 1179 3357 oecclesiae
1195 3299 1305 3356 cunctis
1320 3301 1475 3356 miseratur
1494 3301 1612 3374 ubique.

91 3383 169 3440 Huic
184 3389 267 3455 pater
282 3383 435 3442 Heinricus
449 3385 517 3455 dur,
532 3389 561 3441 et
575 3386 701 3458 genitrix
713 3390 777 3443 erat
791 3388 853 3460 ejus
948 3388 1106 3460 llersburg,
1121 3389 1145 3444 si
1156 3388 1243 3446 scires
1259 3389 1345 3461 bidus
1357 3390 1406 3462 pia
1419 3393 1496 3459 vota,
1512 3390 1606 3449 sitires

947 3476 1110 3533 Adventum
1123 3478 1198 3534 tanti
1215 3480 1347 3545 rectoris,
1362 3481 1392 3535 et
1401 3478 1501 3536 inclita
1513 3478 1615 3536 Christi

92 3561 231 3630 Conredi,
250 3563 350 3636 patris,
366 3563 532 3636 Bnrgundia
544 3581 634 3637 regua
653 3565 790 3622 tenentis.
949 3567 1066 3623 Munera
1084 3568 1226 3636 laudares,
1241 3568 1445 3642 condignaque
1457 3568 1572 3642 premia
1584 3569 1686 3626 ferres.

90 3650 358 3723 Nutritpreclarum
366 3652 724 3725 Wollgangusl5857presul
733 3655 898 3722 alumnum,

1 3742 2 3746 ’
93 3739 151 3803 Oui
168 3739 298 3812 sequitur
319 3739 471 3796 dominum
488 3745 548 3798 toto
571 3741 726 3798 conamine
741 3743 898 3800 Christum.

1 3890 2 3915 ¹
91 3831 219 3901 Postque
229 3845 330 3886 necem
341 3829 431 3902 patris
442 3831 685 3888 ductorsuccessit
699 3832 796 3890 herilis
804 3834 881 3905 (588)

92 3917 898 3995 Ejusetimperiumlongespectatquoqueclavumt587).

91 4006 217 4064 Maxima
232 4023 296 4080 pars
309 4008 404 4080 regui,
418 4007 518 4064 Sclavo
530 4012 640 4066 vastata
654 4011 775 4080 crudeli,

1 4095 2 4180 J
91 4096 353 4166 mecumtecum,
369 4102 448 4170 quod
462 4098 497 4154 ab
513 4099 598 4170 hujus
608 4114 678 4172 pace
691 4100 801 4172 potitur

987 3657 1057 3729 1.(1.
1074 3657 1127 3729 81)
1135 3658 1297 3730 burgilluns
1304 3657 1408 3714 divinae
1424 3657 1539 3730 pietatis
1550 3659 1763 3731 respectus,bu·

950 3761 1047 3802 mane
1062 3745 1299 3811 necessitati,non
1311 3746 1404 3803 nostri
1421 3746 1659 3814 merito,sedsuee
1672 3747 1760 3806 mise·

950 3833 1199 3892 rationismunere
1206 3834 1334 3906 gratuito
1346 3834 1614 3907 superhabundans,
1625 3834 1756 3894 bdelium

951 3922 1040 3979 corda
1057 3938 1175 3980 enorum
1199 3923 1237 3980 ad
1253 3923 1347 3980 laudis
1367 3939 1500 3983 amorem
1515 3940 1574 3982 sue
1587 3926 1619 3979 et
1631 3922 1669 3980 ad
1683 3925 1760 3982 reie-

951 4011 1057 4070 rendas
1070 4011 1097 4068 ei
1111 4015 1208 4084 grates
1222 4011 1364 4080 accendit,
1376 4027 1409 4070 ac
1423 4026 1485 4079 me,
1495 4011 1615 4068 stultum
1627 4012 1758 4084 ingenio,

952 4099 1135 4174 prepeditum
1156 4100 1271 4174 eloquio
1294 4116 1327 4156 uc
1342 4101 1373 4156 in
1397 4100 1532 4158 omnibus
1554 4100 1760 4171 neglegentem

92 4185 219 4242 Sedibus
225 4186 471 4259 optatisjustoque
482 4188 569 4260 (588),
578 4188 730 4258 rapacibus
746 4189 811 4245 altis
823 4187 901 4264 (888)
953 4197 989 4232 ⁸²⁰
999 4193 1028 4244 et
1037 4188 1370 4257 nimisociosum,bonos
1380 4187 1472 4246 inhoc
1484 4187 1591 4244 imitari
1600 4187 1758 4259 compellit.

91 4275 217 4332 Prorsus
228 4275 354 4347 depulsis
372 4291 405 4332 ac
418 4275 481 4332 dira
493 4278 557 4350 lege
569 4277 688 4334 sedatis.

91 4366 216 4422 lnllatos
227 4379 329 4422 omnes
342 4368 444 4422 contra
457 4381 487 4422 sa
502 4364 641 4438 deprimit
652 4368 759 4436 hostes,

92 4454 269 4510 Demulcens
281 4453 373 4511 socios
384 4453 513 4528 jocundo
528 4454 638 4511 tamine
655 4459 783 4512 cunctos.

91 4544 125 4601 Si
138 4559 197 4617 quo
212 4542 333 4617 deliquit
344 4544 502 4614 modicum,
515 4544 615 4602 stetim
628 4545 782 4618 resipiscit,

951 4277 1072 4350 Magnus
1091 4285 1126 4322 ⁸²¹
1137 4279 1254 4334 retenire
1268 4277 1353 4346 Deae,
1370 4281 1401 4334 ut
1411 4276 1501 4334 David
1512 4279 1644 4345 testatur,
1659 4282 1684 4332 et
1698 4275 1761 4335 lott-

952 4367 1050 4426 debeis
1063 4367 1142 4424 catate
1158 4366 1244 4438 (Psoi.
1255 4383 1317 4435 xcv,
1332 4367 1378 4439 tls
1393 4366 1623 4438 cujus'sepieacie
1636 4379 1762 4425 ιιιιιιιεηιι

953 4473 1009 4514 non
1019 4457 1161 4514 iuvenitur
1172 4455 1252 4526 ullus,
1272 4471 1327 4528 qua
1338 4457 1429 4510 omnia
1444 4471 1476 4512 ac
1489 4453 1574 4510 nilsile
1591 4455 1701 4520 creauit,
1713 4455 1763 4514 do·

915 4541 1104 4620 Dutiuemque
1128 4545 1214 4602 selam
1241 4545 1385 4604 damracur
1404 4545 1585 4618 conformavit
1607 4542 1649 4618 (11
1666 4541 1760 4604 uara.

764 4644 878 4702 VARIAE
897 4643 1098 4713 Lectiones,

129 4725 339 4782 evcnnlrala.
395 4723 518 4783 vetnit.
573 4725 661 4780 utica
683 4725 872 4782 lc.servitem
897 4729 940 4780 la.
995 4733 1030 4768 ⁸⁰⁶
1050 4723 1188 4782 continuo
1212 4728 1255 4782 la.
1311 4732 1346 4769 ⁸⁰⁷
1364 4723 1460 4782 lucem
1486 4728 1512 4782 l.
1568 4723 1759 4784 ⁸⁰⁸miserum

90 4803 134 4856 lc.
174 4806 210 4841 ⁸⁰⁰
224 4799 266 4854 ita
282 4797 320 4853 lc.
338 4812 461 4868 suggere
478 4799 519 4851 lo.
558 4803 593 4839 ⁸¹⁰
612 4795 816 4870 incorrigibilis
831 4801 857 4855 2.
896 4805 930 4840 ⁸¹¹
941 4797 1146 4871 proceritatem
1163 4800 1202 4855 lc.
1241 4798 1634 4869 nauataturgencensla.
1673 4795 1758 4853 srsJ„

88 4871 153 4926 cod.
171 4868 195 4924 1.
206 4875 267 4940 post
283 4869 434 4924 simulator
452 4870 523 4923 erasi
539 4873 602 4923 sunt
627 4884 715 4924 ιιιιιιιι
734 4885 809 4940 poene
829 4867 882 4926 duo
897 4885 958 4925 cum
971 4869 1177 4941 dimidiumque
1190 4866 1225 4922 ad
1246 4867 1385 4926 estimari.
1405 4867 1542 4925 Venabula
1559 4883 1661 4926 avarus
1676 4885 1759 4942 usque

90 4941 198 4998 ntbaec
212 4957 265 4996 ιιιιιι
278 4940 450 5011 sutudupici
457 4945 585 5011 possunt,-
604 4945 709 4996 castam
733 4947 824 4996 tumen
847 4941 876 4996 ιἰι
895 4939 953 4998 cod.
970 4944 999 5008 2,
1017 4940 1064 4995 ubi
1085 4942 1122 4997 ad
1139 4939 1222 5009 finem
1245 4939 1354 5011 buitur:
1372 4955 1401 5013 q.
1419 4939 1493 5013 dp.
1514 4956 1540 4996 v.
1555 4939 1684 4996 estimari
1720 4948 1757 4985 ⁸²⁴

90 5015 224 5070 mutture
240 5011 283 5068 lu.
321 5012 541 5083 ⁸¹⁸iceleupto
558 5009 600 5066 lo.
640 5018 675 5054 ⁸¹⁶
708 5010 754 5066 uid
772 5015 796 5069 l.
834 5018 870 5054 ⁸¹⁸
885 5014 951 5071 Post
969 5011 1217 5083 probaturmunus
1235 5011 1317 5084 ipsius
1332 5009 1484 5066 Ttietmuri
1500 5011 1556 5069 lter
1574 5012 1683 5083 adjecti,
1698 5029 1758 5084 qne

89 5099 306 5156 rasurempusru
321 5089 382 5163 sunl
396 5081 602 5165 omnia:·Virgo
617 5026 981 5165 singffiarisinteromnes
997 5082 1087 5166 mitis,
1101 5098 1154 5139 nos
1168 5083 1258 5207 culpis
1273 5083 1382 5138 solutos
1396 5081 1482 5138 mites
1493 5082 1538 5138 lec
1554 5085 1584 5165 et
1596 5083 1701 5155 justos.
1721 5089 1757 5125 ⁸¹⁸

89 5155 153 5272 {qni
170 5154 346 5301 dtgisfffiroff
357 5153 408 5211 hb.
422 5157 515 5226 quinti
530 5160 555 5209 et
568 5171 597 5210 ιιι
606 5153 674 5224 fine:
687 5153 748 5211 lnc.
761 5153 811 5212 hb.
825 5157 942 5228 quintus
956 5157 983 5211 2.
1014 5160 1049 5197 ⁸¹⁰
1063 5159 1106 5212 vta
1118 5153 1160 5210 lt.
1176 5170 1207 5210 ιι
1229 5158 1269 5211 lc.
1286 5156 1370 5211 natus
1385 5156 1418 5210 la
1446 5161 1482 5198 ⁸¹⁰
1494 5154 1694 5227 negligentem
1704 5151 1757 5210 lc?

866 5313 980 5374 NOTAE.

130 5407 204 5474 (588)
234 5401 398 5476 ltesnmpsit
426 5402 594 5460 etnvenoli
621 5403 681 5461 Sat.
717 5421 778 5474 vm,
812 5406 899 5462 vid.

90 5477 219 5548 Agnosco
228 5491 377 5548 proterere,
392 5478 421 5530 et
435 5492 487 5549 per
501 5476 626 5563 ironiam
643 5476 721 5533 adse
733 5491 901 5533 accommo-

91 5547 311 5684 esqqlduplsdm,
327 5633 380 5674 vox
395 5618 670 5691 desumplaol‘ersii
687 5621 741 5678 ω·
756 5635 785 5691 γ’
796 5635 824 5679 v'
836 5621 897 5680 ἠ’

139 5693 202 5766 535,
213 5689 368 5768 gpggopm
381 5689 609 5766 llufispooensie.

987 5403 1051 5476 (588
1077 5404 1109 5460 (ιι
1125 5403 1229 5460 ducatu
1242 5403 1380 5474 Bavariae,
1392 5419 1432 5461 sc.
1446 5417 1524 5460 enno
1539 5402 1603 5460 888.

987 5478 1049 5542 (587
1072 5474 1096 5530 1.
1110 5491 1136 5532 e.
1153 5476 1381 5558 gubernaculum
1395 5474 1492 5546 regni.

986 5547 1051 5620 (888
1076 5547 1097 5602 1.
1113 5563 1140 5604 e.
1152 5545 1274 5618 Justitia.

984 5618 1047 5692 (888
1071 5617 1208 5678 llnminss
1220 5617 1335 5694 superbi
1349 5620 1379 5674 et
1392 5630 1525 5693 rapaces.
