4022 6188
246 413 313 485 tue
932 429 1050 492 sunau
1068 427 1220 489 neura
1675 379 1681 384 ⁵
1843 425 1909 488 00
2003 431 2004 472 t

246 546 329 631 gnis:
346 549 746 632 000010090001010000000
768 553 955 634 congregatio
967 554 1005 607 ab
1016 568 1050 632 eo
1062 557 1089 616 Α
1100 553 1134 606 Et
1149 551 1301 608 manifeste
1311 567 1345 606 ex
1359 548 1497 677 rescripto
1516 543 1677 606 Innocentii
1698 546 1778 630 tertii
1801 547 1820 603 tt
1862 549 1906 616 et:

247 623 374 676 instituta
389 622 559 678 manavilin
585 624 680 690 ltal1a3
708 623 756 695 qui
776 627 929 678 eremetrca
956 623 1052 678 studia
1101 621 1689 694 quodverbailliusmaniestedeclaraut,
1705 635 1812 690 incap.
1854 637 1907 673 ene·

244 695 410 762 persecutus
422 693 452 747 in
468 710 538 764 agro
557 695 674 750 Aretino
694 695 832 760 censedit,
849 711 880 748 ac
899 694 1050 764 cujusdam
1101 694 1211 746 rabilem
1226 695 1308 748 extra
1321 693 1362 748 De
1381 694 1522 748 electione:
1538 693 1667 746 «Verum
1689 690 1839 762 inquiens,
1856 689 1906 744 illis

246 777 341 817 casam
354 763 470 818 lttaldini
482 764 511 818 in
527 781 625 818 eremo
640 765 786 830 habitavit,
798 781 874 819 anno
887 767 965 818 1010.
1100 763 1278 844 principibus
1288 763 1335 836 jus
1357 767 1386 817 et
1405 766 1576 835 potestatem
1598 761 1730 832 elegendi
1752 776 1855 830 regem
1877 760 1904 814 in

284 832 353 887 Huic
364 835 464 904 Sergio
480 835 580 900 visum,
597 839 625 890 at
639 836 842 902 cardinalibus,
858 833 1049 906 principibus·
1100 837 1317 905 imperatorem,
1328 835 1513 905 postmodum
1521 832 1752 904 promovendum
1767 846 1905 898 recogno·

246 919 302 975 que
318 904 384 958 viris
399 905 598 969 urbisRomae‚
613 906 652 960 im
676 907 768 960 eriam
780 905 956 960 Gerunaniom
970 904 1049 975 genti
1100 905 1215 970 scimus,
1231 908 1263 957 ut
1279 905 1427 972 debemus,
1447 905 1484 959 ad
1499 919 1570 975 quos
1594 903 1629 958 de
1647 903 1713 974 jure
1737 898 1906 981 etantiqua

245 973 383 1042 tribuere,
397 977 517 1047 quodeo
529 977 617 1043 natio,
630 924 735 1032 afflicta
757 975 891 1048 Hispania
903 975 1050 1056 Galliaque
1100 975 1306 1029 consuetudine
1320 975 1445 1029 noscitur
1463 974 1607 1046 pertinere
1620 990 1626 1039 ;
1654 976 1818 1044 prasertim
1843 987 1904 1026 eum

245 1044 282 1099 ad
297 1061 385 1100 novos
398 1063 481 1117 reges
496 1049 643 1112 translata,
655 1047 785 1102 omnium
797 1049 917 1117 Europae
934 1061 1049 1117 provin·
1099 1045 1136 1099 ad
1149 1061 1198 1100 eos
1205 1047 1252 1116 jus
1265 1049 1294 1100 et
1305 1048 1429 1117 potestas
1442 1044 1607 1116 hujusmodi
1619 1044 1655 1098 ab
1668 1043 1827 1123 apostolica
1842 1043 1904 1122 sede

245 1115 355 1171 ciarum
366 1118 564 1189 potentissima
582 1117 734 1172 videretur.
754 1119 963 1187 Decretumque
979 1119 1010 1168 ul
1019 1115 1048 1169 in
1099 1115 1550 1188 0000000011,οῑᾳυί(010)οη000
1568 1115 1793 1186 quinquaginta,
1818 1113 1905 1192 plun-

266 1190 392 1242 osterum
406 1189 592 1256 dignissimus
607 1191 719 1242 tuntum
741 1187 906 1257 eligeretur,
918 1188 948 1239 et
962 1202 1049 1256 quern
1099 1202 1180 1240 muru
1196 1185 1385 1240 minimumve
1401 1187 1571 1256 Gregoriuru
1582 1185 1728 1240 decimum
1741 1186 1904 1249 antecessit,

245 1203 376 1312 Romana
387 1259 511 1313 Ecclesia
529 1257 673 1330 proterea
685 1257 733 1329 qui
745 1258 848 1318 Cesar,
862 1260 890 1310 et
902 1256 1048 1311 Romano·
1099 1259 1130 1309 ut
1140 1272 1171 1310 ex
1186 1256 1229 1310 his
1239 1260 1349 1311 constet
1358 1257 1509 1310 contraria
1520 1255 1665 1327 opinionis
1679 1253 1835 1310 historicos
1845 1253 1904 1307 lon-

244 1343 310 1382 rum
321 1345 369 1382 rex
382 1330 548 1400 appellatum
561 1332 620 1382 turn
641 1331 758 1384 demum
778 1328 936 1398 imperator
954 1329 1048 1380 etta·
1119 1343 1134 1380 e
1155 1328 1297 1397 latequee
1318 1331 1396 1380 recta
1417 1326 1530 1380 ratione
1550 1329 1714 1405 temporum
1744 1324 1903 1404 aberrasse.

246 1401 343 1468 gustus
353 1399 516 1466 haberetur,
529 1399 551 1452 si
562 1415 627 1454 euru
639 1401 785 1453 Romanus
794 1397 922 1468 pontifex
943 1397 1047 1450 consu·
1098 1343 1191 1460 guare
1216 1413 1244 1450 se
1267 1401 1324 1451 tem
1352 1397 1479 1451 virorum
1505 1396 1727 1461 institutionem,
1748 1398 1800 1448 aut
1820 1395 1904 1449 fuisse

245 1470 520 1523 messetflosautem
531 1467 1048 1547 imperatoriseligendiauctoritatem
1098 1467 1230 1537 sylvestri
1246 1413 1457 1538 iipontificatm
1469 1470 1518 1521 out
1532 1465 1625 1536 Sergii
1640 1466 1674 1519 tv
1684 1464 1878 1545 convincitur
1889 1485 1902 1512 r

244 1538 340 1664 primo
355 1539 487 1618 lrahuisse
498 1541 669 1620 Ptolemaeus
684 1541 771 1620 refert
783 1556 788 1592 :
802 1538 1046 1660 archiepiscopum
1123 1537 1234 1618 'Sergio
1243 1543 1309 1618 ante
1323 1538 1522 1617 pontificatum
1534 1536 1701 1591 iudaeorum
1714 1551 1826 1617 nornen
1839 1535 1901 1590 luit.

244 1611 1046 1757 „stlttttttttttttttttlltttttttttattila:
1095 1607 1902 1756 30οῗ00000300100000οῖ03ΐο

244 1763 324 1802 mure
336 1765 343 1814 ;
354 1749 399 1802 his
411 1749 498 1804 additi
510 1754 632 1820 quatuor
642 1750 785 1823 principes
797 1767 804 1804 :
818 1755 945 1803 marctuo
958 1748 1045 1802 Bran·
1096 1749 1199 1820 quibus
1211 1749 1329 1820 pulchra
1341 1747 1461 1802 nomina
1483 1750 1617 1820 parentes
1630 1747 1793 1802 infantibus
1808 1761 1900 1826 impe

244 1815 475 1890 osnaburgensis,
491 1820 673 1892 imperatoris
686 1824 751 1902 post
765 1818 935 1874 electionem
950 1833 1045 1873 came·
1096 1823 1179 1886 nunt,
1195 1819 1245 1872 sed
1255 1819 1351 1873 adulto
1367 1818 1404 1874 ob
1418 1818 1567 1899 antiquam
1583 1818 1776 1873 occasionem.
1792 1817 1825 1870 ln
1840 1815 1900 1870 trc-

242 1887 335 1969 rarius
349 1905 355 1955 ;
371 1905 467 1944 comes
480 1890 632 1962 palatinus,
648 1908 697 1962 qur
711 1892 816 1962 dapes;
833 1888 889 1944 dux
902 1864 1081 1958 Saxonim,B
1096 1889 1208 1970 toriapo
1229 1903 1343 1968 quoque
1366 1887 1464 1944 codice
1488 1888 1612 1961 idipsum
1634 1887 1900 1968 0000000100.Μο-

243 1974 292 2031 qur
308 1961 491 2028 ensemlert3
504 1961 649 2016 Bohemiae
662 1978 762 2033 regem
775 1959 930 2032 septimum
942 1959 1045 2014 electo·
1096 1975 1152 2031 que
1171 1961 1334 2014 institutum
1354 1962 1386 2014 ut
1404 1975 1506 2014 omnes
1524 1958 1615 2031 quiin
1630 1959 1778 2030 reliquum
1790 1960 1901 2030 tempus

241 2031 316 2098 rein,
330 2029 512 2103 imperatoris
542 2031 691 2088 incernam
702 2049 762 2088 esse
772 2033 928 2086 statutum:
944 2029 1045 2102 hisque
1096 2029 1203 2085 summi
1221 2029 1372 2101 pontifices
1395 2029 1617 2100 designarentur
1639 2028 1669 2084 iu
1684 2027 1900 2084 consecratione

241 2096 273 2154 in
293 2049 606 2172 eligendumadliitum
627 2119 689 2158 esse
710 2103 746 2158 ad
765 2099 924 2157 tollendam
939 2099 1045 2156 discor·
1096 2100 1218 2156 nomina
1235 2103 1399 2155 mutarent:
1429 2100 1496 2154 licet
1520 2099 1611 2167 enim,
1636 2099 1731 2172 iuquit
1749 2099 1832 2154 idem
1847 2099 1901 2154 Ilit-

242 2169 468 2243 diampartium,
482 2172 519 2227 ad
532 2175 629 2228 utrum
645 2174 724 2228 enim
737 2172 912 2236 inclinasset,
932 2185 967 2225 ea
980 2187 1046 2244 pers
1095 2187 1203 2238 marus,
1228 2171 1391 2251 aliquorum
1411 2170 1531 2226 nomina
1553 2171 1670 2225 fuerant
1693 2172 1818 2236 mutata,
1842 2185 1899 2224 non

114 2275 126 2296 .
240 2240 337 2312 potior
346 2242 513 2297 habebatur.
528 2243 703 2299 Electioncm
713 2243 802 2315 igitur
811 2243 841 2297 iu
851 2242 961 2313 septem
971 2242 1046 2298 viros
1096 2244 1194 2297 tamen
1210 2257 1352 2308 omnium,
1368 2241 1556 2296 nechoceret
1570 2257 1603 2296 er
1616 2239 1800 2296 institutione
1814 2255 1900 2312 geue·

241 2311 371 2383 ejusdem
383 2313 477 2383 gentis
489 2315 646 2381 contulere,
661 2314 711 2387 qui
735 2331 811 2369 nunc
839 2326 953 2386 quoque
968 2328 1045 2368 surn-
1095 2312 1158 2367 rati.
1170 2312 1252 2368 Ratio
1267 2315 1364 2366 eutem
1388 2311 1473 2383 hujus
1495 2311 1683 2367 institutionis
1703 2309 1760 2366 tuit
1779 2309 1899 2384 triplex:

242 2397 322 2504 pppm
336 2383 396 2454 ejus
407 2383 631 2463 reilpotestatem
644 2385 761 2438 hahent.
777 2384 808 2439 td
831 2395 898 2439 vero
910 2396 969 2436 nou
984 2399 1045 2438 cre·
1095 2398 1154 2437 una
1168 2382 1245 2454 quod
1257 2381 1396 2437 Dominus
1406 2383 1489 2462 licata
1504 2381 1588 2462 Petro
1603 2381 1633 2436 in
1647 2381 1813 2462 apostolum
1829 2381 1900 2461 elee-¹

241 2453 1046 2604 .0000000000000000000
1096 2455 1385 2604 aberrantes
1405 2452 1781 2602 00000εο00
1795 2453 1901 2585 aas

242 2591 272 2644 et
283 2593 553 2670 antiquusscnptor,
565 2592 596 2647 m
606 2610 635 2647 ru
646 2597 869 2649 commentarios
878 2605 944 2647 suos
953 2596 1045 2648 trans·
1097 2592 1162 2647 ideo
1179 2595 1206 2647 at
1229 2610 1259 2647 m
1284 2608 1421 2660 nomrue;
1447 2596 1541 2660 tertre,
1557 2592 1635 2664 quod
1650 2594 1733 2662 trupe
1744 2595 1822 2646 esset
1835 2607 1901 2646 eum

241 2661 368 2727 tulisset3
399 2677 486 2732 qoem
509 2663 654 2718 lohannes
682 2663 832 2719 Willancus
856 2665 968 2718 secutus
992 2667 1043 2718 est.
1096 2663 1145 2735 qui
1167 2663 1204 2718 ad
1226 2666 1285 2718 tam
1301 2663 1438 2718 decorum
1454 2663 1603 2734 dignitatis
1617 2661 1745 2718 officium
1760 2661 1901 2728 evehitur,

241 2729 345 2785 Verum
360 2736 426 2785 sunt
446 2733 494 2802 qui
507 2733 707 2788 hunccreandi
723 2735 761 2789 im
785 2735 905 2789 cratoris
922 2735 1044 2788 auctori·
1095 2733 1191 2805 aliquo
1206 2734 1324 2788 nomine
1348 2734 1424 2805 turpi
1448 2736 1477 2789 et
1498 2734 1650 2788 inhonesto
1674 2749 1690 2786 a
1711 2731 1825 2804 pellar-i.
1848 2733 1902 2786 Eos

240 2801 340 2881 tatem,
363 2817 421 2856 non
441 2802 542 2874 Sergio
567 2806 668 2875 quarto
687 2805 736 2860 sed
757 2752 898 2885 &ytrestro
918 2805 1044 2861 secundo
1095 2803 1183 2884 igitur
1206 2805 1457 2884 auctoramenti,
1481 2803 1624 2884 precipue
1652 2749 1828 2884 nigrarum,
1854 2801 1901 2882 qui

239 2870 383 2938 tribuant;
396 2873 473 2943 quod
484 2874 609 2928 loannes
619 2876 771 2930 Nauolerus
784 2877 888 2930 scribat
898 2876 927 2932 in
940 2891 1044 2930 monu-
1095 2875 1205 2956 Sergio·
1221 2877 1322 2947 quarto
1344 2874 1462 2946 aequalis
1484 2877 1622 2946 temporis
1640 2873 1704 2940 run,
1719 2875 1761 2944 (1)
1780 2877 1902 2928 mutabo

142 2981 151 2990 .
239 2942 347 2996 mentis
373 2943 504 2998 Ecclesia
528 2945 718 3016 Aquileiensis
739 2946 859 3018 reperiri
878 2946 1044 3019 hujusmodi
1095 2961 1222 3000 nominis
1244 2945 1409 3013 tribuenda,
1429 2961 1488 3000 non
1511 2944 1717 3017 superioribus,
1732 2943 1785 3016 qui
1799 2943 1901 3016 Sergio

239 3011 398 3068 electorum
418 3014 579 3070 Germania
598 3015 809 3072 institutionem
833 3033 911 3072 anno
927 3017 1043 3073 Domini
1093 3031 1126 3071 co
1150 3015 1283 3071 nomines
1296 3016 1386 3071 luere.

240 3083 319 3150 1002,
333 3083 475 3165 sylvestro
490 3085 615 3142 secundo
630 3103 713 3159 papa,
725 3087 774 3159 qui
789 3087 925 3160 Gregorio
941 3087 1042 3160 quinto
1129 3032 1206 3142 finiit
1219 3086 1336 3156 Sergius
1350 3089 1467 3159 quartus
1482 3087 1592 3153 Romae,
1604 3101 1630 3140 rr
1645 3085 1707 3141 1101.
1717 3083 1809 3165 lunii,
1824 3100 1901 3140 anno

237 3156 380 3222 successit,
391 3155 478 3210 luisse
488 3155 604 3213 factam.
1052 3149 1076 3209 C
1094 3159 1173 3224 1012,
1189 3156 1315 3230 sepultus
1325 3155 1468 3212 Laterani.
1485 3157 1599 3212 vacavit
1612 3155 1694 3212 sedes
1709 3155 1774 3211 dies
1784 3158 1850 3211 octo

253 3271 289 3346 (tl
305 3274 348 3330 td
360 3276 480 3347 plenum
495 3277 712 3352 perlectumque
726 3295 843 3336 sensum
859 3280 905 3336 hic
919 3279 1029 3352 aliquid
1044 3277 1143 3335 deesse
1155 3278 1278 3334 videtur.
1292 3279 1342 3334 Eo.
1359 3279 1447 3335 Para.

652 3473 947 3580 NOTITIA
989 3473 1476 3581 nrauonurrca

272 3613 365 3686 Sergii
380 3615 414 3670 ltl
425 3616 511 3674 bulla
522 3623 590 3675 sunt
605 3621 718 3692 scripta
733 3639 786 3694 per
798 3639 918 3679 manum
938 3640 944 3678 :

306 3683 447 3742 Benedicti
461 3692 566 3745 notarii
580 3693 725 3762 regionarii
731 3699 757 3748 el
769 3696 905 3750 scriniarii
912 3692 944 3750 S.
957 3693 993 3752 a.
1009 3693 1046 3749 Ε.
1062 3691 1101 3768 (1,
1115 3695 1142 3761 4,
1159 3697 1185 3762 5,
1199 3696 1227 3763 6,
1240 3700 1267 3765 7,
1281 3698 1308 3762 8,
1327 3696 1435 3762 1014)-

305 3756 420 3813 loannis
432 3760 572 3816 seriniarii
582 3762 614 3818 S.
628 3763 663 3818 lt.
679 3761 715 3820 Ε.
733 3764 798 3836 (ld).

271 3826 350 3882 nata
364 3843 417 3900 per
431 3846 552 3886 manum
568 3850 574 3887 :

307 3895 433 3969 Gregorii
442 3899 473 3956 S.
489 3901 525 3957 R.
539 3901 575 3957 Ε.
590 3903 736 3960 cardinalis
748 3906 897 3977 preslyleri
903 3905 949 3970 (21.

303 3967 382 4024 Petri
391 3974 506 4042 episcopi
517 3970 548 4028 S.
565 3972 738 4033 Praenestina
752 3977 864 4033 cardeia
877 3971 1106 4034 el'liiliollucarii
1118 3975 1150 4034 S.
1171 3975 1248 4034 Sella
1260 3983 1345 4050 apost.
1359 3976 1397 4049 (0,
1414 3975 1468 4050 ta).

303 4039 422 4096 loannis
435 4039 467 4097 S.
481 4041 517 4097 R.
530 4043 567 4098 Ε.
583 4044 690 4099 diaconi
702 4047 847 4102 cardinalia
859 4047 907 4119 (9).

440 4477 929 4619 EPISTOLAE
975 4479 1683 4694 QDIPLOMATA

621 4749 642 4802 1.
1052 4749 1174 4814 Dnobis
1188 4749 1422 4819 corroborentur,
1445 4757 1473 4808 et
1497 4753 1620 4811 llrmiter
1641 4757 1834 4830 corrigentur,
1863 4775 1898 4814 ne

228 4847 339 4920 Sergius
361 4851 407 4908 IV
419 4853 538 4910 Andreoe
550 4856 668 4926 episcopo
687 4855 836 4911 Parerrtiao
850 4857 1037 4927 possessionem
1089 4842 1154 4912 9⁰⁸²
1165 4840 1254 4909 ¹⁰³8&
1265 4853 1408 4894 &mmmm
1422 4842 1572 4911 Gusriffllflv
1598 4844 1754 4917 infflfflnle
1767 4845 1896 4912 (ῙίὡθῙΰι

263 4924 385 4992 paracio
404 4923 577 4981 Ruaiaieacis
606 4925 828 4999 castellorumque
854 4925 967 4984 duorum
993 4943 1035 4982 os-
1091 4927 1195 4999 aliquis
1209 4929 1310 4981 contra
1319 4931 1448 4984 sanctam
1461 4933 1584 4986 matrem
1597 4931 1752 4990 Ecclesiam
1765 4934 1898 5009 insurge·

264 4994 337 5050 serit.
1003 5007 1007 5018 ⁴
1091 5030 1122 5070 re
1133 5017 1162 5070 et
1170 5017 1270 5070 contra
1279 5015 1353 5070 hanc
1363 5019 1491 5072 nostram
1501 5019 1752 5076 confirmationem
1763 5027 1895 5078 conetur.

535 5066 627 5138 (Anno
644 5067 733 5140 1010.)

389 5169 534 5242 [Ueumt
549 5170 635 5228 Italia
650 5187 740 5242 Sacra,
756 5173 787 5241 V,
805 5175 879 5240 402]
1088 5191 1213 5246 loannes
1226 5190 1386 5263 Aquileien.
1402 5193 1565 5265 patriarcha
1584 5195 1654 5252 olim
1675 5195 1826 5255 invasisset
1840 5201 1894 5254 Ru·

1091 5102 1358 5176 Quapropterquod
1373 5108 1475 5161 notum
1496 5107 1579 5162 nobis
1592 5107 1698 5180 pluries
1710 5109 1804 5165 iecisti
1818 5109 1896 5184 quod
1994 5103 1995 5106 ¹

265 5277 384 5333 Senatus
396 5275 562 5350 Episcopus,
574 5295 670 5334 servus
682 5293 828 5332 servorum
844 5277 906 5346 Dei,
917 5293 1036 5334 venera·
1086 5277 1155 5333 viuii
1166 5279 1343 5351 parochiam.
1359 5280 1409 5335 ubi
1421 5281 1570 5353 quondam
1593 5283 1773 5358 episcopatus
1792 5287 1895 5342 dicitur
1993 5293 1994 5365 l

229 5363 281 5420 bili
294 5364 376 5419 tratri
395 5367 513 5421 Aaonra
537 5367 672 5439 episcopo
686 5363 791 5420 saneim
809 5366 972 5422 Parentium
985 5367 1035 5422 Ec·
1086 5367 1183 5435 fuisso,
1195 5383 1248 5422 nec
1263 5384 1321 5423 non
1334 5367 1727 5444 doucastellaoumqeadam
1738 5375 1892 5430 valletam-

226 5449 329 5520 clesioe‚
345 5468 398 5525 pro
413 5457 441 5508 te
454 5457 482 5508 et
506 5453 561 5509 tuis
583 5453 792 5508 successorihus
807 5453 836 5508 in
852 5457 1034 5527 perpetuum.
1086 5471 1156 5528 pore
1171 5455 1388 5528 predecessoris
1403 5458 1492 5513 nostri
1509 5459 1653 5531 sylvestri,
1673 5463 1760 5536 etque
1779 5463 1892 5536 privile·

263 5539 662 5615 Congruumvaldenomque
677 5544 808 5596 estulea
831 5559 895 5614 quae
922 5560 939 5598 a
962 5561 1035 5616 prae·
1087 5543 1179 5614 gium,
1201 5545 1279 5616 quod
1300 5545 1337 5602 ab
1360 5545 1422 5617 ipso
1447 5547 1589 5620 accepisti,
1612 5549 1764 5606 ostendere
1788 5553 1891 5608 curasti

227 5627 424 5683 decessoribus
438 5630 542 5685 nostris
554 5631 713 5686 secundine
727 5633 893 5687 sanctorum
908 5630 1038 5688 instituta
1088 5632 1181 5690 nohis.
1194 5635 1226 5688 tu
1239 5649 1297 5706 quo
1308 5633 1396 5690 etiam
1405 5635 1553 5709 quemodo
1563 5639 1608 5692 ter
1617 5643 1731 5696 vocatus
1742 5640 1850 5708 tuimet,
1863 5645 1891 5696 et
1991 5651 1992 5670 ¹

233 5717 548 5792 emonumseulegum
559 5735 693 5778 concessa
703 5718 935 5777 siraconltrmeta
944 5724 1038 5778 mata
1088 5722 1211 5795 qualiter
1225 5721 1317 5796 ipsam
1332 5722 1440 5780 dinem
1451 5724 1618 5784 citationem
1627 5741 1680 5804 pro
1696 5727 1790 5786 nihilo
1800 5728 1890 5786 dum·

1988 6081 1990 6143 l
