4022 6188
124 455 197 520 ssrr
606 457 1309 520 suenrusnrara.-nmirnarsron1ca
1717 452 1788 532 lot

2 575 8 584 ”
125 597 175 642 mo
191 577 327 638 advocato
339 576 376 636 ad
385 578 424 649 tc,
438 577 636 654 hujuscemodi
655 597 831 650 sermonem,
856 581 974 655 quasiA
988 600 1087 657 gressu
1097 585 1214 659 justitiae
1227 602 1342 642 numum
1355 600 1504 660 peragere.
1519 585 1621 644 Errats
1633 587 1712 648 enlm
1727 606 1787 650 uon

125 669 285 744 praescires,
302 669 410 724 habere
426 669 552 741 coepisti:
570 668 627 725 «Si
647 686 697 724 rer
708 669 748 725 ibi
774 670 866 726 iacere
878 671 935 726 rel·
985 679 1062 732 recto
1078 676 1163 732 ductu
1179 679 1341 744 occurrunt,
1361 675 1411 732 sed
1432 693 1466 732 ex
1489 677 1649 734 transverso
1664 679 1692 734 et
1706 679 1787 740 devio

125 757 166 814 lot
177 757 384 829 episcopatum,
397 757 479 812 facile
494 757 577 812 illum
589 757 721 812 Ecclesiae
731 760 787 812 tua·
796 759 873 830 quod
884 759 935 814 tihi
984 764 1140 834 venientia,
1156 783 1173 820 a
1187 768 1264 820 recto
1276 765 1391 820 tramite
1402 765 1545 837 depellere
1555 765 1663 821 rolnnt.
1677 766 1787 841 Quippe

2 847 10 857 “
126 846 225 900 utilius
234 847 309 901 esset
317 861 400 917 possa
413 845 551 913 tribuere,
563 849 591 900 te
602 861 721 918 parvum
731 845 799 902 inde
809 847 934 903 tinctum
986 856 1081 909 errato
1089 870 1149 908 non
1165 855 1261 909 essent
1273 853 1328 909 nisi
1341 855 1445 909 erecto
1455 855 1525 909 calle
1538 853 1694 910 deviarent.
1706 855 1787 912 Unde

2 938 9 975 ἵ
126 935 246 1002 habere,
262 935 352 988 totam
368 933 447 989 illem
461 936 571 990 terram
584 951 659 1006 pene
669 934 768 990 silvam
784 935 935 1002 esse,Scla-
986 939 1053 996 etin
1065 941 1199 1014 operibus
1210 941 1327 1014 justitiae
1342 941 1526 1014 praecipimur
1536 959 1630 1016 neque
1643 943 1787 1000 addexte·

125 1040 178 1079 vos
195 1022 234 1078 ibi
252 1023 395 1090 habitere,
412 1025 440 1076 te
452 1021 482 1078 in
496 1022 545 1078 illa
562 1023 935 1096 longinquorelnunquam
985 1047 1050 1086 reru
1064 1047 1158 1104 neque
1173 1030 1210 1086 ad
1219 1029 1365 1088 sinistram
1384 1032 1539 1090 declinere.
1555 1033 1613 1090 lice
1631 1033 1786 1090 itadescri·

2 1119 9 1156 ῑ
125 1113 170 1168 sel
181 1128 247 1169 raro
258 1110 378 1168 venisse.
391 1131 405 1158 u
416 1113 518 1166 Nonne
530 1112 592 1167 haec
603 1111 632 1166 in
643 1111 721 1167 hunc
731 1113 851 1168 modum
861 1112 937 1168 dicta
984 1121 1044 1193 pto,
1060 1119 1090 1174 in
1102 1119 1147 1174 his
1161 1136 1225 1193 quse
1240 1136 1338 1192 arege
1356 1122 1538 1192 postulantur
1558 1121 1785 1192 nihiliuvenies,

4 1213 10 1226 ·
126 1215 189 1257 esse
203 1199 399 1256 recolistCnr
412 1200 500 1255 modo
516 1199 632 1255 difficile
650 1199 762 1256 ridetur
781 1201 936 1274 qnodtunc
983 1210 1016 1263 ut
1027 1223 1081 1278 ego
1101 1223 1284 1279 cognoscam,
1300 1208 1378 1280 quod
1390 1207 1565 1280 religionem
1585 1211 1672 1266 laedat
1688 1212 1732 1267 vel
1747 1211 1785 1268 ad

125 1289 211 1345 focile
225 1289 317 1344 visum
330 1287 395 1343 est?
408 1289 479 1342 Ecce
491 1288 563 1358 J'em,
578 1291 609 1342 ut
621 1289 745 1357 conlido,
762 1305 936 1360 cognoscere
985 1295 1120 1352 delictum
1135 1295 1261 1362 inducat,
1274 1311 1373 1352 verum
1389 1296 1488 1353 omnia
1497 1297 1584 1354 divini
1594 1297 1685 1356 cultus
1694 1299 1784 1372 pieta·

2 1391 9 1401 ·
126 1380 209 1452 potes
221 1395 269 1433 me
284 1376 458 1449 tibiiujusta
473 1393 531 1432 non
542 1393 709 1449 suggerere,
722 1395 774 1433 nec
785 1378 894 1434 hortari
906 1381 937 1434 ut
985 1386 1044 1440 tem
1055 1385 1198 1439 tueantur.
1210 1385 1268 1438 lloc
1278 1383 1375 1456 etipse
1388 1383 1417 1440 in
1428 1381 1787 1456 'synodomiserahiliatta-

127 1467 192 1539 plns
205 1481 306 1535 regem
323 1465 425 1520 timeas
435 1481 522 1537 quam
537 1467 639 1533 Deum,
654 1467 702 1522 sed
713 1469 745 1521 ut
768 1467 850 1522 illum
868 1483 935 1539 pro·
984 1488 1054 1528 men
1064 1472 1207 1527 luculente
1218 1470 1348 1527 oratione
1358 1471 1534 1544 perstrinxit,
1546 1475 1624 1547 qnia,
1635 1474 1659 1530 si
1673 1491 1703 1530 se
1713 1476 1788 1532 Deus

127 1557 192 1628 pter
205 1554 282 1607 hunc
298 1555 327 1607 et
340 1552 442 1622 diligas
461 1557 490 1607 et
511 1553 660 1621 formides,
683 1554 861 1627 honestaque
876 1573 935 1610 non
984 1559 1109 1632 privaret
1122 1561 1216 1616 fructu
1228 1559 1334 1614 ventris
1349 1561 1392 1616 sni
1405 1564 1434 1615 et
1448 1562 1585 1631 humana,
1600 1563 1681 1634 prole
1693 1563 1787 1618 exhaes

127 1639 319 1712 praecipienti,
335 1640 385 1694 sed
399 1640 570 1711 supplicanti
592 1656 625 1695 ao
647 1642 807 1697 retribuere
830 1643 936 1698 volenti
986 1647 1110 1717 rederet,
1121 1665 1151 1704 se
1161 1649 1263 1714 Deum,
1276 1647 1300 1703 si
1310 1648 1489 1720 dignaretur,
1501 1649 1687 1708 libentersibi
1697 1650 1789 1707 here·

128 1727 284 1792 concedas;
297 1727 442 1800 leviusque
453 1728 505 1783 tibi
516 1728 570 1782 erit
580 1729 685 1800 partito
697 1729 726 1784 in
738 1730 827 1786 alium
837 1747 935 1800 onere3
987 1737 1053 1792 dem
1068 1737 1228 1804 facturnm3
1243 1738 1271 1792 et
1281 1737 1318 1794 ad
1327 1737 1381 1794 hoc
1392 1736 1479 1794 nimis
1492 1737 1641 1794 humiliter
1656 1738 1789 1796 omnium

128 1815 240 1872 lucilius
250 1831 365 1887 quoque
379 1815 414 1870 de
424 1815 607 1887 paucioribus
618 1817 771 1874 animabus
781 1835 937 1891 procuran-
986 1825 1171 1898 presentium
1181 1823 1319 1897 suffragiu
1327 1824 1427 1897 poscit.
1439 1825 1468 1882 si
1478 1825 1789 1898 interfuerisutpropi»

128 1901 174 1958 dis
186 1902 332 1958 rationem
344 1905 403 1958 Deo
417 1903 540 1958 reddere
554 1904 672 1976 potoris.
986 1913 1058 1968 hum
1068 1917 1097 1968 te
1110 1912 1214 1981 sentio,
1227 1912 1425 1985 proculdubio
1438 1911 1628 1969 miserereris.
1639 1912 1729 1986 Igitur
1737 1913 1791 1969 ml-

165 1990 936 2065 Quodsiadhuccederenonvis,etqnialegiturlleum
987 2004 1084 2070 tescat,
1100 2017 1151 2057 oro
1166 2003 1204 2068 te,
1231 2000 1345 2058 animus
1367 2003 1446 2068 tuus;
1472 2002 1536 2058 lara
1558 2001 1654 2057 sinum
1678 1999 1792 2075 pietalis

129 2094 256 2151 regnare
269 2079 363 2134 facere
388 2079 566 2151 hypocritam
580 2083 699 2152 propter
722 2082 937 2153 perversitatem
986 2092 1053 2158 tuae,
1064 2106 1148 2162 parce
1159 2087 1221 2157 tibi,
1232 2088 1370 2146 miserere
1381 2090 1497 2146 tuorum
1509 2088 1556 2162 (3).
1570 2088 1652 2154 Quod
1661 2087 1792 2162 hypocri-

129 2166 230 2240 lJOltUfi
241 2166 303 2238 (va
315 2183 405 2233 mlvi
419 2167 475 2240 30),
484 2166 827 2240 resistendumputesnisi
840 2169 938 2243 aliquo
987 2179 1024 2232 he
1034 2177 1097 2249 regi
1104 2178 1198 2234 lacere
1205 2177 1356 2245 debueras,
1365 2175 1659 2248 sachuicreligionem
1665 2178 1794 2234 osunen·

130 2258 306 2326 argumento
316 2255 480 2324 subruatur,
491 2256 586 2312 dicem
597 2257 664 2312 inde
675 2257 752 2329 quod
761 2258 940 2333 sentiohpo-
988 2265 1020 2320 ti.
1033 2266 1157 2321 Honesta
1166 2266 1300 2336 postulat,
1308 2265 1409 2321 cadem
1418 2264 1488 2320 sotis
1502 2267 1531 2320 et
1539 2281 1624 2338 snper
1633 2263 1794 2320 retribuere

129 2344 231 2410 stolus,
243 2359 386 2416 organum
398 2344 501 2398 Christi
511 2344 645 2399 inflatum
665 2361 682 2399 a
701 2344 809 2416 Spiritu
829 2349 938 2416 sanem,
988 2355 1080 2425 parat.
1089 2352 1118 2409 Si
1130 2353 1200 2426 quid
1210 2352 1341 2410 Ecclesioe
1350 2355 1408 2408 tues
1418 2353 1575 2424 corporalis
1584 2351 1668 2426 spatii
1682 2353 1793 2409 subtra-

133 2430 428 2504 iallerenequaquom
438 2435 541 2504 potest.
564 2432 707 2504 Quidquid
726 2436 820 2501 sonat,
839 2451 939 2490 rerum
988 2441 1076 2508 hitur,
1095 2441 1151 2496 hoc
1166 2440 1244 2496 idern
1263 2439 1405 2512 spirituali
1425 2439 1615 2496 edificatione
1629 2441 1793 2512 suppletur;

132 2521 187 2586 est,
197 2519 247 2574 sed
258 2517 481 2590 intelligentiam
489 2519 724 2591 queritouoties
733 2520 868 2593 exigente
877 2539 941 2580 mu·
989 2529 1138 2600 multoque
1152 2528 1322 2584 honoratior
1346 2527 1402 2583 erit
1423 2527 1547 2584 fecunda
1570 2525 1600 2582 in
1623 2527 1683 2583 ulia
1707 2543 1794 2599 mom

131 2606 478 2678 litianostruapotestatc
487 2609 940 2684 nequampremimur,quidquid
989 2616 1225 2688 omniuoebsque
1234 2615 1332 2672 liberis
1341 2614 1447 2671 sterilis
1455 2617 1656 2671 remaneretet
1664 2615 1795 2670 insecun-

133 2694 735 2767 nobisnbeupraecipiturqnodalldenon
747 2697 941 2753 abhorreotet
989 2705 1035 2761 da.
1056 2703 1317 2776 Auferrubiginem
1337 2720 1356 2758 e
1373 2703 1471 2772 corde,
1490 2704 1614 2763 hilarem
1632 2706 1662 2759 te
1679 2703 1796 2760 adhaec

131 2781 269 2854 religioni
279 2781 424 2838 catholicae
435 2799 494 2838 non
505 2783 869 2850 adversetur,vidoturmihi
878 2801 939 2840 esse
989 2793 1089 2850 omnia
1103 2792 1237 2864 deinceps
1249 2791 1377 2848 ostende.
1386 2791 1796 2866 Nonvenietseroquernlleus

131 2869 308 2926 laciendum.
324 2871 410 2940 Dura,
427 2870 566 2938 difficilia,
590 2871 711 2928 molesta
724 2876 890 2942 grassentur
907 2873 939 2928 in
989 2880 1200 2952 adjuverevult.
1216 2877 1393 2934 Undemodo
1404 2877 1658 2946 tristaris,decurse
1668 2878 1723 2934 ista
1731 2881 1794 2934 teu-

133 2957 230 3024 nobis,
240 2958 401 3030 parendum
411 2960 463 3013 est.
476 2957 543 3025 Quae
553 2958 633 3014 enim
641 2964 715 3026 sunt,
726 2977 741 3014 c
752 2961 939 3016 Decords'nutc
991 2967 1099 3023 tatione
1109 2968 1167 3022 Deo
1177 2965 1302 3038 propitio
1313 2967 1437 3021 multum
1447 2966 1517 3020 inde
1526 2964 1679 3021 leeteberis.
1689 2965 1792 3021 Tentu-

131 3054 204 3100 sunt.
217 3046 259 3101 lbi
269 3045 411 3117 culpanda
422 3049 464 3100 est
475 3045 598 3118 pravitas
614 3050 721 3115 nostre,
739 3063 798 3102 non
810 3047 941 3104 ferientis
989 3054 1030 3110 tio
1045 3056 1088 3110 est
1101 3054 1157 3110 rita
1170 3054 1299 3110 humana
1318 3070 1404 3126 snper
1422 3055 1540 3109 terram.
1563 3053 1625 3108 Non
1646 3053 1689 3107 cst
1706 3053 1794 3108 homo

131 3133 253 3205 justitia.
269 3136 331 3190 Non
342 3135 421 3190 enim
437 3135 491 3189 nisi
502 3135 686 3207 perversitate
698 3137 795 3191 nostra
803 3141 942 3207 regnaret
954 3117 977 3178 0
991 3143 1039 3216 qui
1052 3159 1112 3198 non
1126 3141 1207 3197 bibat
1215 3142 1250 3197 de
1260 3141 1346 3197 colice
1360 3140 1424 3197 isto.
1436 3141 1590 3198 convertat
1601 3141 1674 3196 tiens
1684 3139 1793 3201 luctum

133 3221 293 3292 hppocnta.
308 3221 337 3278 Si
353 3223 469 3295 quando
483 3239 550 3278 vero
561 3223 725 3295 hujusmodi
746 3223 854 3296 aliquid
864 3241 881 3280 a
890 3243 941 3298 po·
991 3235 1073 3286 tuum
1082 3230 1112 3284 in
1124 3229 1272 3301 gaudium.
1283 3228 1374 3284 Nimis
1383 3231 1521 3302 angustor
1531 3228 1674 3300 quodtem
1687 3227 1796 3283 dudum

135 3312 239 3364 testate
252 3310 301 3366 illa
315 3312 398 3367 nobis
421 3311 591 3383 injungatur
609 3313 687 3384 quod
706 3313 750 3366 vel
768 3313 941 3384 religionem
992 3317 1159 3390 estquodto
1173 3333 1226 3372 neo
1240 3316 1383 3372 audierim
1402 3333 1456 3372 nec
1473 3315 1605 3372 viderim.
1617 3315 1796 3372 ldeorellem

136 3397 332 3467 volucresve
350 3400 387 3454 ed
407 3402 555 3472 peccatum
573 3403 682 3471 vergat,
703 3400 793 3455 libere
807 3402 942 3457 resisten·
992 3405 1101 3478 aliquid
1116 3405 1216 3460 audire
1240 3408 1368 3471 tuorum,
1390 3403 1447 3460 sive
1470 3420 1523 3476 per
1544 3403 1663 3472 litteras,
1678 3402 1798 3476 sivoper

137 3487 208 3542 dum
219 3503 336 3556 ceuse03
348 3488 478 3561 quamvis
486 3489 539 3543 hoc
551 3505 609 3544 non
620 3490 746 3562 proprie,
757 3490 807 3545 sed
817 3490 942 3558 abusive,
992 3492 1084 3548 vivam
1097 3507 1206 3548 vocem.
1228 3492 1285 3548 Sed
1303 3492 1340 3547 sit
1348 3491 1488 3548 arbitratu
1500 3494 1560 3546 tuo.
1574 3490 1649 3546 Satis
1662 3505 1799 3563 operosus

137 3574 384 3644 dicuturresrsterc,
396 3581 490 3632 errata
513 3577 667 3646 declinare,
688 3581 716 3632 et
736 3581 814 3634 recto
833 3579 945 3634 itineris
994 3598 1035 3643 es,
1050 3597 1109 3636 non
1126 3579 1218 3635 audeo
1235 3579 1329 3652 magis
1340 3583 1368 3634 te
1379 3577 1548 3650 defetigere.

174 3699 212 3770 (3)
227 3698 273 3755 Sic
287 3715 376 3781 prope
389 3701 464 3826 οροο
484 3700 635 3782 Virgilium
654 3700 786 3761 tAEeeid.
807 3703 847 3770 rr)
857 3702 946 3757 ilren-
994 3702 1125 3776 superius
1139 3704 1175 3760 ad
1189 3703 1277 3762 lurni
1293 3701 1456 3760 orationem
1471 3699 1574 3758 Dranci
1587 3700 1799 3772 respondentis.

136 3785 194 3836 ces,
210 3769 247 3824 ad
260 3786 339 3841 ouJus
356 3787 404 3825 ver
425 3786 444 3825 ο
457 3771 560 3826 alludit
581 3772 627 3826 hsc
649 3771 803 3839 hrnoldus,
815 3775 847 3827 ut
859 3774 945 3845 paulo
996 3776 1045 3830 En.
1061 3776 1180 3830 Parnon.

796 4015 887 4062 Anno
920 4013 1037 4061 ootssru
1069 4015 1144 4062 MXli

502 4127 1107 4274 sonorosus
1156 4133 1437 4270 rara

627 4335 1346 4566 NOTMRIGA

549 4624 715 4696 (Craconrus,
732 4625 775 4680 De
800 4625 871 4684 viris
882 4625 1070 4681 Romanorum
1092 4626 1262 4698 pontificum,
1279 4641 1309 4696 p.
1324 4625 1399 4693 rol.)

141 4811 261 4884 Sergius
282 4811 325 4879 lll,
342 4811 418 4867 Petri
442 4811 556 4868 hlartini
576 4811 661 4878 filius,
684 4813 841 4879 Romanus,
863 4813 989 4880 Buccal)
1003 4814 1116 4866 interea
1126 4827 1193 4866 vero
1205 4811 1265 4882 ejus
1275 4810 1395 4865 oonsilio
1406 4814 1434 4865 et
1443 4810 1652 4867 monitionibus
1665 4813 1809 4887 principes

162 4881 221 4937 orci
232 4881 428 4949 anteadictns,
441 4887 575 4938 excestre
587 4883 685 4949 Luna,
697 4883 856 4937 monachus
868 4886 954 4936 antea
1003 4879 1091 4936 ltaliae
1112 4881 1271 4952 composito
1293 4881 1400 4935 tendere
1421 4880 1540 4936 consilia
1558 4881 1660 4940 ineunt
1682 4884 1808 4954 pellendi

139 4901 356 5014 benedictinus,
369 4953 443 5007 sedit
456 4969 548 5007 annos
572 4971 601 5020 n,
625 4969 739 5006 menses
760 4969 798 5018 rx,
820 4953 880 5006 dies
904 4969 952 5020 ru,
1004 4951 1312 5006 SarracenosaSioilia
1323 4950 1425 5018 insula,
1437 4953 1702 5024 quampermnltos
1715 4969 1807 5010 annos

139 5027 255 5080 creatus
268 5040 301 5078 xv
317 5024 378 5078 llal.
391 5024 578 5094 Septembris,
590 5040 668 5078 anno
681 5027 759 5078 roos.
778 5023 825 5078 Vir
833 5023 952 5076 sanctis·
1004 5023 1200 5083 detinuerant,
1210 5022 1296 5093 idque
1318 5021 1414 5076 moliri
1427 5021 1544 5093 paribus
1559 5023 1665 5079 animis
1677 5025 1706 5078 et
1718 5023 1807 5095 copiis

140 5095 233 5150 simus
248 5095 321 5160 suitur,
336 5099 483 5166 gratesque
498 5094 725 5160 consuetudinis,
736 5098 765 5147 et
779 5097 846 5148 aute
857 5093 952 5164 ponti·
1003 5093 1166 5147 instituunt.

140 5165 271 5230 licutum,
284 5167 312 5218 et
322 5165 351 5218 in
363 5164 423 5236 ipso
433 5165 602 5236 pontilicutu
613 5165 676 5232 luit,
689 5165 719 5218 in
724 5181 870 5289 ροοροοοε
881 5163 951 5217 libe·
1039 5165 1139 5218 Annus
1151 5164 1219 5218 tolo
1234 5163 1324 5218 nobili
1338 5163 1522 5236 Ungarorum
1531 5165 1568 5222 ad
1577 5164 1663 5222 iidem
1673 5161 1808 5216 Christis·

138 5235 222 5301 ralis,
237 5234 267 5288 in
282 5235 391 5290 amicos
410 5239 438 5289 et
459 5235 616 5290 sensiliarcs
631 5236 720 5307 jucun
744 5251 786 5300 ns,
812 5233 842 5288 in
858 5234 950 5288 delin·
1003 5249 1072 5288 nam
1083 5231 1270 5303 conversione
1281 5233 1446 5289 nobilitatus
1457 5237 1509 5288 est.
1520 5230 1808 5306 lpsumlaciendaerei

139 5308 265 5380 quentes
278 5306 416 5373 clemens,
432 5307 462 5359 in
482 5310 664 5362 contumacus
685 5305 840 5360 modestus.
855 5305 952 5360 Tantos
1003 5303 1119 5359 initium
1133 5303 1242 5386 abipso
1259 5319 1326 5376 rege
1341 5309 1384 5359 est
1393 5305 1519 5372 ductum,
1531 5303 1580 5375 qui
1590 5317 1655 5358 cum
1671 5301 1806 5371 Giselam,

140 5375 305 5450 prudentiae
318 5377 532 5448 proeterenluit,
547 5379 578 5430 nt
593 5380 714 5432 totosuo
750 5375 897 5432 ontiflcatu
911 5374 952 5429 nil
1002 5374 1127 5430 ileinrici
1142 5391 1174 5430 rc
1207 5370 1729 5454 ssororem,eximiaspecievirginem
1738 5387 1807 5430 cou-

140 5447 332 5502 commissum
341 5447 379 5501 sit
388 5462 445 5527 quo
456 5447 560 5502 merito
571 5447 712 5520 reprehen
736 5464 744 5501 ι
764 5445 952 5518 gubernantis
999 5445 1081 5517 jugie
1097 5445 1174 5518 impe
1188 5461 1253 5500 raro
1266 5462 1324 5502 non
1337 5447 1441 5520 posset,
1462 5443 1516 5498 nisi
1544 5441 1707 5498 Christiane
1720 5459 1808 5524 ‘sacra

142 5516 324 5588 negligentia
335 5519 434 5590 possit.
448 5518 479 5570 ln
492 5519 582 5572 [terrm
598 5518 677 5571 enirn
689 5533 807 5573 omnam
823 5519 951 5572 mentem
1001 5515 1168 5587 susciperet,
1184 5516 1259 5571 nltro
1274 5516 1311 5570 ad
1329 5531 1440 5570 sacrum
1459 5513 1604 5567 lavacrum
1623 5515 1751 5583 accessit,
1774 5529 1808 5570 ac

142 5591 314 5672 convertens
325 5587 516 5668 (quodlacorc
528 5587 951 5670 omncspontiticesdehorantl‚
1002 5590 1120 5714 ροοὶοῑο
1135 5601 1216 5642 suam
1232 5585 1417 5660 pulcherrimi
1431 5581 1498 5639 fecti
1514 5581 1678 5638 imitatione
1690 5599 1806 5641 succen-

155 5661 220 5714 uste
289 5675 324 5714 ue
344 5661 457 5730 integre
473 5657 572 5713 omnia
590 5675 624 5714 ex
646 5658 736 5713 ammi
752 5658 952 5714 suisententiu
1023 5656 1053 5712 it.
1509 5722 1515 5734 Ι

140 5675 222 5788 irrue
236 5661 341 5800 msa,
363 5731 392 5790 et
412 5729 542 5789 moribus
565 5729 688 5789 instituti
702 5729 745 5786 sui
759 5729 949 5802 guberuabst.
1035 5727 1211 5788 bonualdus
1225 5727 1268 5786 sir
1282 5725 1432 5784 mecon
1440 5723 1571 5784 mamus
1581 5723 1728 5800 stpietsts
1734 5723 1807 5784 insi·
