3936 6172
121 387 164 448 bit
537 383 664 442 seuere
680 381 749 440 Aur
763 379 1040 442 minan-Ace.
1062 379 1164 438 GONC.
1182 377 1305 438 BASOL.
1432 397 1434 402 ·
1513 416 1517 428 ·
1695 381 1749 442 ttt

21 503 22 516 ³
124 509 182 564 tuns
192 518 239 560 run
251 500 346 574 ineat.
364 499 440 560 Unde
454 515 487 560 nc
499 504 560 577 ouis
569 503 677 560 desidie
689 508 761 574 tspsr
771 503 895 575 burconi-
907 503 936 569 A
946 501 1025 576 regis
1037 501 1165 558 amicilia
1183 519 1250 558 usus
1266 499 1352 559 luisse
1368 501 1515 560 convietus
1527 501 1571 560 est
1584 502 1621 560 ed
1636 501 1748 562 Gbilde-

123 597 200 651 sitiam
214 594 256 662 sit,
268 607 448 648 ammonemus
463 599 499 636 Ν·
515 599 546 647 ut
560 610 614 648 non
628 593 768 664 eujusdam
778 610 897 664 persona·
946 591 1022 650 berti
1034 591 1111 664 regis
1126 590 1168 647 sui
1178 589 1390 660 infidelitatem,
1402 591 1432 647 in
1443 592 1673 652 urbebtettensia
1682 593 1749 650 Gal·

123 683 246 754 n'tprrtia,
260 697 312 736 non
325 681 414 751 sanor,
430 697 482 735 non
503 680 696 745 blandimento,
709 681 751 736 uel
764 681 898 753 quodlibet
948 680 1053 736 liarum
1075 678 1216 750 episcopis
1237 679 1394 752 depositus,
1411 680 1489 753 apud
1508 683 1747 753 Argentoratum,

121 770 354 843 atiudpucmouom
366 775 482 824 uestrum
497 769 539 824 vet
554 769 588 824 ab
603 770 644 824 bis
657 786 717 842 qne
739 770 813 824 nobis
830 787 898 824 nun·
947 767 1747 842 qusenuucStrateburgisdicitnr,perpotuoeriliedam·

121 865 176 917 tiatu
187 864 243 914 sunt
261 857 374 926 stultiut,
394 857 435 912 oet
457 875 474 912 o
496 860 602 913 tremite
621 861 737 912 veritatis
762 859 896 926 excutiat,-
947 859 1052 931 pnatns
1061 859 1113 925 est3
1127 856 1172 911 cni
1180 856 1415 922 mexliemulins,
1425 857 1496 930 Lupi
1505 857 1584 914 ducis
1592 858 1747 932 lilius,jam

120 947 157 1005 sed
176 945 366 1005 sacerdotaliter
389 946 424 1002 od
452 947 665 1019 inuestipomtom
691 964 736 1002 vos
760 950 898 1005 veritatem
947 945 1090 1018 presbiter
1099 941 1360 1015 substituitur3nec
1370 963 1495 1020 mugnus
1508 947 1672 1020 Gregorius,
1689 948 1747 1022 pri·

117 1036 301 1111 popterltcum
315 1035 543 1106 mecumtecum
556 1037 580 1090 si
593 1037 651 1108 qun
667 1038 695 1090 in
708 1035 756 1088 boc
766 1042 814 1089 osu
821 1038 899 1106 piper
948 1033 1044 1106 vilegii
1061 1035 1201 1090 Romanas
1210 1034 1345 1090 eccclesiis
1355 1035 1744 1110 acerrimusdsieusor,quie·

119 1140 168 1192 ors,
179 1123 407 1195 catneptepmten
420 1141 447 1178 se
458 1127 660 1196 presumpserit
674 1124 805 1192 celtibera,
822 1123 898 1178 dictis
949 1139 1038 1196 qnam
1053 1139 1106 1194 pro
1121 1123 1167 1178 his
1179 1126 1229 1179 aut
1247 1125 1349 1179 conus
1368 1123 1431 1180 baeo
1452 1123 1553 1182 dixisse
1572 1123 1745 1199 repperitur.

119 1213 252 1270 senum
273 1210 345 1284 optad
365 1215 570 1284 monmotcntem
588 1211 735 1267 Dominum
750 1229 777 1267 sc
798 1213 899 1268 nocent
949 1213 1009 1268 Eho
1021 1211 1264 1284 etiam,ejusdem
1277 1211 1569 1269 Remensisaecclssiae
1582 1213 1749 1287 metropoli-

117 1303 328 1374 trscparticipsm,
344 1301 422 1372 cujus
435 1300 488 1357 reto
496 1301 786 1372 octpcrscrutondosttt
795 1300 900 1356 subtili·
950 1305 1045 1368 mnus,
1057 1300 1094 1354 ob
1103 1299 1214 1380 crimen
1224 1299 1313 1372 regies
1320 1300 1479 1372 majestatis
1488 1301 1566 1372 apud
1574 1300 1751 1358 Theodenis·

120 1389 264 1460 turstands
275 1405 373 1446 causor
387 1390 515 1452 facinoris
525 1405 579 1444 non
589 1395 718 1444 mouetur.
735 1389 822 1444 Etbic
835 1405 900 1461 pro·
949 1389 1048 1445 villam
1059 1396 1093 1432 ¹⁷⁸
1108 1403 1125 1442 a
1139 1388 1295 1444 Galliarum
1311 1387 1452 1461 episcopis
1465 1388 1631 1462 deponitur,
1646 1387 1748 1462 longe·

117 1479 179 1533 lecto
201 1477 400 1549 intelligimus,
416 1478 526 1533 nullam
550 1492 706 1548 personam
729 1479 900 1549 peccantem
951 1477 1087 1549 qne'post
1101 1492 1118 1531 a
1133 1475 1250 1532 Nicelao
1266 1493 1341 1550 papa
1359 1475 1498 1549 requisita
1512 1477 1541 1531 et
1559 1475 1675 1548 cognita
1690 1476 1752 1547 ejus

116 1583 174 1634 esse,
185 1565 366 1638 conjudicis
392 1565 561 1622 universalis
583 1564 718 1622 aecclesias
733 1581 792 1622 non
808 1566 902 1637 suhja-
951 1564 1093 1637 depositio
1109 1568 1161 1632 est,
1173 1564 1451 1637 acdeindeaSergio
1463 1564 1660 1620 corroborata.
1678 1562 1752 1628 Quid

116 1653 902 1727 reat.Omnisenimcriminaliterpcccanepelut,itedi·
952 1651 1124 1727 ergo‘lNum
1133 1649 1751 1726 Damasidecretadampnabimus‘lbtinime

115 1759 176 1812 cem,
186 1743 331 1811 alteratus,
343 1744 373 1798 et
382 1742 464 1815 quasi
474 1741 687 1815 legibuscapite
696 1742 793 1798 minor
804 1759 900 1798 cense—
952 1742 1009 1798 Sed
1018 1741 1048 1796 in
1057 1740 1148 1796 causis
1160 1740 1317 1796 latentibus
1329 1745 1358 1796 et
1366 1741 1396 1796 in
1409 1741 1512 1814 quibus
1526 1742 1564 1796 ob
1577 1738 1755 1814 maguitudi-

115 1835 160 1886 tar.
169 1833 322 1887 Accusatur
332 1832 408 1904 apud
419 1832 537 1888 beatum
548 1839 582 1874 ²⁸⁶
595 1831 766 1904 Gregorium
780 1831 902 1887 Lucillus
917 1793 943 1852 B
952 1847 1022 1886 nem
1033 1830 1076 1886 sui
1079 1831 1157 1903 justa
1163 1831 1329 1903 provocatio
1339 1829 1382 1899 nt,
1391 1830 1429 1888 ad
1436 1829 1594 1886 universale
1600 1826 1756 1886 concilium

113 1919 193 1976 ililitse
208 1927 283 1964 Μ
299 1920 357 1992 (tl)
373 1919 493 1975 civitatis
508 1919 669 1992 episcopus,
685 1923 714 1974 et
729 1937 762 1975 ex
776 1919 902 1992 epistolis
953 1921 998 1975 rel
1008 1919 1044 1975 ad
1058 1921 1213 1976 Damasum
1228 1935 1420 1988 recurremus,
1437 1916 1570 1974 sitnmen
1580 1934 1647 1974 eum
1657 1917 1759 1975 blomne

116 2007 295 2081 coepiscorum
311 2007 393 2064 illata
406 2007 529 2063 crimina
538 2025 606 2062 vera
618 2025 677 2064 esse
694 2008 850 2080 cognoscit.
864 2007 903 2061 lit
953 2008 1129 2064 commorari
1144 2007 1335 2082 audierimus,
1350 2007 1481 2081 quamvis
1495 2007 1583 2064 etiam
1599 2006 1637 2063 ad
1651 2008 1756 2062 Deme·

115 2094 423 2168 idco,inqnit,quiatonti
432 2097 561 2166 facinoris
573 2096 638 2150 ultio
652 2095 727 2150 nullu
742 2096 816 2151 debet
832 2095 902 2150 atita·
952 2113 1017 2152 sum
1036 2095 1201 2168 provocatio
1218 2095 1360 2152 Africanis
1381 2095 1546 2152 inhibeatur
1568 2093 1704 2162 conciliis,
1725 2097 1757 2149 ut

115 2185 444 2260 tiosrdiffcnt,sroternitos
454 2194 539 2242 vestro
548 2192 600 2241 tres
608 2186 650 2241 ool
660 2192 790 2260 quattuor
800 2186 831 2241 cte
840 2188 901 2257 fro·
953 2185 1084 2260 superius
1094 2185 1205 2240 dictum
1214 2188 1243 2240 et
1252 2185 1346 2240 adhuc
1355 2183 1571 2240 dicendumest.
1578 2183 1616 2237 At
1624 2181 1654 2238 in
1663 2180 1756 2238 causis

114 2275 220 2332 biburac
237 2275 467 2332 cmcsacerdotibus
478 2277 530 2330 sibi
538 2279 634 2331 nostris
647 2275 782 2342 adbibeot,
793 2281 823 2328 nt
839 2277 902 2346 ipsis
954 2273 1132 2332 evidentibus
1144 2277 1173 2328 et
1186 2273 1217 2328 in
1230 2272 1334 2345 quibus
1345 2273 1382 2328 ad
1404 2273 1569 2328 Romanum
1588 2270 1756 2343 episcopum

114 2380 200 2436 proque
207 2363 399 2436 presentibus,
410 2364 586 2434 predictam
611 2365 753 2434 satisfacto
781 2365 903 2435 ucrttotc,
954 2365 1034 2419 nulla
1045 2362 1211 2435 provocatio
1225 2362 1267 2430 nt,
1284 2361 1506 2433 provincialibus
1518 2361 1563 2416 rel
1573 2358 1756 2432 comprovin-

109 2452 252 2523 prndictum
267 2451 407 2508 Lucillum
421 2451 452 2507 de
471 2454 634 2524 episcopatus
647 2452 903 2524 ordine,quembu·
955 2450 1072 2506 cialibus
1096 2452 1213 2505 utemur
1227 2449 1364 2506 conciliis.
1385 2448 1468 2514 Quod
1487 2447 1577 2504 etiam
1598 2447 1760 2504 Antiecena

112 2541 147 2609 ius
156 2541 261 2610 sceleris,
274 2544 433 2612 contactum
445 2542 602 2610 maculauit,
618 2541 721 2596 studeat
747 2544 803 2596 sine
817 2542 903 2596 ambi·
954 2538 1073 2596 sinodus
1086 2539 1159 2594 velle
1169 2538 1283 2595 videtur
1295 2537 1420 2610 capitulo
1437 2537 1485 2594 lit>
1500 2535 1556 2595 :Si
1568 2538 1638 2610 qun,
1654 2535 1758 2608 inquit,

111 2632 198 2698 putate
214 2631 355 2705 deponere.
378 2630 567 2704 Progreditur
581 2631 666 2699 ultra,
682 2637 711 2686 et
732 2630 761 2686 iu
777 2630 904 2686 conscios
954 2631 1087 2702 episcopm
1101 2627 1133 2684 de
1147 2627 1280 2700 aliquibus
1295 2629 1383 2684 causis
1408 2626 1597 2684 criminalibus
1615 2625 1758 2697 injudicio

112 2717 252 2773 criminum
259 2718 383 2790 dignam
393 2719 525 2774 Romano
536 2718 856 2791 pontillcesententiam
863 2718 906 2790 ja·
955 2717 1136 2788 episcoporum
1148 2715 1232 2786 tuerit
1247 2722 1282 2758 Π·
1294 2721 1444 2784 acuuntur,
1464 2717 1604 2788 contineat
1623 2721 1714 2770 autem
1727 2714 1759 2772 dc

112 2807 224 2862 caletur:
236 2806 311 2874 Quia
321 2823 394 2871 cero,
410 2807 508 2880 inquit,
518 2807 661 2879 presbiteri
674 2807 718 2865 oct
726 2807 833 2863 diescant
846 2809 905 2879 qni·
957 2806 1019 2876 ursis
1030 2805 1158 2876 episcopis
1167 2805 1312 2875 provintie
1324 2805 1372 2877 qui
1384 2810 1573 2873 conuenerunt,
1584 2805 1701 2860 diuersos
1713 2803 1761 2858 bo-

111 2895 163 2949 dam
183 2896 302 2968 prodita
325 2897 477 2969 iniquitatis
496 2898 578 2966 fuisse
596 2898 696 2953 conscii
712 2914 743 2950 ac
760 2897 906 2968 participes
960 2893 1017 2948 bers
1031 2893 1185 2960 sententias,
1206 2898 1231 2946 ct
1249 2891 1315 2947 otios
1329 2892 1434 2964 quidem
1448 2893 1616 2950 innocentem
1628 2908 1689 2949 cum
1697 2909 1761 2964 pre

113 2991 292 3053 uenerantur,
302 2987 523 3040 sonctitusoestra
531 2985 625 3040 subtili
636 2985 810 3055 indoqotionc
819 2984 905 3040 ‹tiscm
957 2981 1096 3048 nuntiare,
1112 2981 1177 3035 otios
1190 2997 1264 3035 reum
1277 2998 1284 3036 :
1296 2987 1406 3052 propter
1423 2981 1579 3051 bnjumwdi
1596 2983 1686 3054 itaque
1697 2998 1759 3036 con·

113 3074 161 3140 tint,-
175 3079 199 3128 et
213 3077 237 3128 si
259 3075 300 3128 ita
326 3075 477 3146 reppererit,
487 3073 521 3128 ob
533 3075 638 3127 tenoris
651 3075 695 3129 sui
708 3080 733 3128 ct
747 3075 813 3144 ursos
835 3073 906 3127 simi·
958 3071 1114 3124 troversiom
1129 3067 1330 3140 amputantem,
1348 3067 1455 3139 placuit
1475 3075 1574 3124 sancte
1588 3068 1688 3140 synode
1707 3085 1761 3124 me·

114 3160 256 3232 litcrproctu
265 3163 390 3233 dejiciet,
400 3166 425 3216 et
435 3163 463 3216 in
474 3165 650 3229 monasteriis,
660 3161 909 3232 ubidipncuoteant
921 3131 947 3194 G
960 3157 1153 3229 tropotitanum
1167 3159 1316 3228 episcopum
1330 3157 1440 3212 atterius
1450 3157 1696 3228 uicinaeprouincirr
1711 3155 1760 3212 od·

112 3265 176 3318 oper
183 3251 384 3322 penitentiam,
398 3249 565 3321 deputentnr,
588 3251 650 3306 Non
663 3249 757 3306 adhuc
772 3249 839 3305 setis
853 3253 906 3318 est,
957 3247 1051 3302 oocori
1064 3253 1089 3300 st
1103 3246 1253 3317 aliquantos
1265 3262 1327 3299 oum
1342 3261 1370 3300 eo
1384 3247 1515 3317 episcopos
1529 3245 1595 3300 otios
1605 3273 1615 3314 ,·
1625 3247 1679 3320 oui
1685 3263 1762 3319 porr-

113 3336 229 3409 quiescit
244 3339 362 3395 dictum
381 3338 527 3394 iezechieli
544 3347 578 3381 ¹⁸⁹
594 3339 744 3411 prophetes
760 3355 767 3394 :
786 3337 844 3394 Ilitt
861 3339 907 3392 bo-
960 3339 999 3388 ter
1011 3333 1159 3406 residentes,
1175 3349 1347 3406 quacumque
1368 3333 1483 3403 suerum,
1499 3332 1629 3389 dirimant
1642 3335 1762 3407 quaestio-

112 3429 188 3494 mitu's,
197 3428 318 3500 perfode
327 3429 459 3499 parictem
475 3425 581 3500 (Eruci.
601 3427 710 3500 111.)-
726 3449 740 3478 o
758 3426 814 3482 Sed
829 3427 907 3500 quia,
959 3439 1029 3490 nrm,
1038 3429 1148 3494 propter
1168 3421 1227 3488 boc,
1244 3426 1274 3474 nt
1287 3423 1397 3491 mam
1418 3425 1454 3477 sit
1470 3421 1617 3495 judicium,
1633 3423 1704 3496 quod
1727 3422 1761 3478 ob

113 3511 203 3586 inquit,
214 3518 333 3590 perbos
340 3517 423 3572 multi
434 3517 518 3588 hujus
530 3517 710 3590 labepeccati
721 3516 910 3589 perhibentur
960 3512 1044 3567 unius
1053 3510 1333 3583 provincieepiscopis
1341 3511 1426 3581 suerit
1433 3511 1647 3584 promelqotum.
1655 3510 1761 3576 Quam-

113 3619 162 3660 esse
176 3607 319 3678 conlapsi,
335 3607 453 3662 cunctos
474 3606 523 3678 qui
538 3605 580 3661 rei
595 3615 630 3649 ¹⁷⁰
652 3623 714 3662 esso
738 3605 908 3674 claruerint,
960 3599 1001 3655 vis
1011 3603 1040 3655 et
1049 3600 1103 3655 hoc
1113 3597 1267 3655 concilium
1279 3598 1358 3672 quod
1369 3599 1405 3655 de
1415 3599 1527 3672 privata
1536 3598 1699 3672 coepiscopi
1709 3617 1764 3656 no-

114 3693 243 3750 liominici
254 3694 389 3765 corperis
399 3693 910 3766 aesanguinisparticipationeprivo·
962 3688 1013 3744 stri
1028 3704 1114 3744 causa
1127 3687 1233 3760 agitur,
1248 3687 1409 3744 universale
1424 3687 1515 3745 videri
1532 3689 1647 3756 debeat,
1664 3691 1763 3760 utpote

113 3797 138 3835 re
149 3799 194 3839 ros
201 3782 351 3839 convenit.
368 3803 381 3832 o
393 3783 463 3837 Ecce
476 3783 522 3838 bic
532 3783 685 3855 Gregorius
695 3797 754 3837 non
770 3783 861 3837 nutrit
871 3782 911 3837 ri·
962 3776 1088 3849 plurium
1095 3775 1309 3848 provinciarum
1313 3775 1422 3848 judicia
1429 3776 1592 3832 continens.
1603 3777 1680 3832 Eine
1689 3776 1764 3832 terte

113 3867 155 3934 tia,
164 3869 212 3927 sed
225 3872 374 3944 amputat.
392 3869 466 3934 Quid
476 3873 519 3925 est
531 3867 609 3924 onim
620 3869 697 3924 aliud
713 3869 748 3925 de
754 3868 913 3925 manifestis
963 3866 1001 3922 od
1013 3865 1150 3937 placitum
1161 3863 1241 3936 loqui
1251 3863 1596 3938 rideamurveterumque
1606 3864 1764 3920 sententias

113 3959 223 4028 peccatis
239 3964 354 4027 tacere,
372 3975 462 4031 quam
484 3959 591 4015 scelera
608 3957 739 4014 nutriret
762 3955 819 4012 Sed
833 3961 910 4027 esto;
964 3955 1040 4010 male
1051 3951 1246 4024 interpretari,
1255 3952 1351 4007 audite
1362 3951 1507 4024 quidbino
1516 3952 1622 4009 sentiat
1629 3953 1764 4008 liincma·

112 4046 247 4103 mamus
258 4048 297 4104 de
305 4047 388 4102 bisin
400 4048 503 4119 quibus
512 4062 599 4102 nemo
609 4063 638 4102 se
647 4046 704 4103 ledi
714 4047 910 4119 conqueritur3
963 4037 1430 4113 rusRemerum'archiepiscopus,
1440 4043 1469 4094 et
1485 4040 1515 4095 in
1533 4042 1598 4113 lege
1608 4039 1658 4096 Dei
1669 4039 1765 4095 erudi-

115 4135 172 4206 quid
183 4136 273 4193 acturi
291 4136 414 4199 erimus,
430 4136 454 4191 si
476 4136 580 4192 armati
596 4137 682 4192 duces
697 4135 819 4210 genialis
846 4135 912 4191 lecti
963 4130 1099 4187 tissimus.
1109 4128 1244 4185 Scribens
1252 4127 1331 4183 enim
1340 4127 1377 4181 ad
1386 4127 1535 4183 Nicolaum
1549 4143 1658 4200 papam
1671 4126 1764 4184 itain·

115 4227 243 4281 nocturna
252 4225 335 4280 turta
341 4223 636 4296 deprehenderinttSi
645 4223 711 4280 irati
719 4241 803 4296 reges
814 4241 914 4296 quem·
964 4219 1026 4291 quit
1037 4235 1044 4274 :
1056 4218 1137 4273 Absit
1149 4235 1166 4271 o
1187 4216 1272 4283 nubis,
1285 4220 1316 4268 ut
1325 4214 1503 4286 priuitepium
1509 4216 1608 4287 prima
1619 4221 1644 4271 et
1656 4232 1766 4271 summe

114 4307 325 4370 libstnostrum
335 4312 494 4388 majestatis
509 4329 592 4368 reum
614 4312 812 4369 convicerint?
828 4312 912 4378 Quid,
962 4307 1030 4362 sees
1045 4312 1142 4360 sancte
1154 4304 1286 4360 Hemone
1310 4303 1433 4360 ecclesie
1451 4303 1588 4378 pontificis
1608 4321 1659 4377 pro
1677 4305 1716 4361 sto
1730 4311 1766 4348 ¹⁷⁸

115 4399 234 4472 inquam,
249 4401 477 4469 estuduimus,
493 4402 516 4457 si
531 4401 659 4474 quodam
680 4401 804 4457 colludio
819 4401 913 4473 longis
958 4395 1198 4467 parvipendamus,
1216 4399 1246 4448 ut
1261 4394 1453 4449 controuersias
1466 4399 1491 4448 et
1502 4393 1599 4464 ‚turpio
1613 4399 1670 4448 tam
1694 4409 1767 4466 stauc-

116 4489 286 4564 embegibus,
301 4490 448 4563 propleris
461 4486 689 4546 cavillationibus
698 4506 727 4545 se
739 4489 835 4546 deludi
849 4506 913 4545 sen·
925 4481 953 4544 D
965 4487 1043 4541 cieris
1057 4499 1139 4558 quum
1157 4485 1237 4538 ctiam
1260 4482 1401 4553 insertoris
1425 4481 1536 4550 ordinis,
1556 4499 1616 4556 qun
1631 4480 1730 4538 Niceni
1742 4487 1768 4537 et

116 4578 212 4634 serint‘l
225 4579 304 4635 Num
319 4576 475 4651 eeandicii
490 4579 616 4634 sormam
628 4577 914 4650 Romaepecuniare-
964 4576 1052 4631 coetcrr'
1073 4588 1209 4628 sacrorum
1230 4571 1403 4627 conciliorum
1427 4585 1551 4639 canones,
1571 4575 1596 4626 ct
1620 4569 1771 4626 Innocentii

117 4663 272 4740 dempturus
290 4665 409 4740 putatis,
425 4683 568 4738 reumque
580 4665 633 4722 sibi
648 4666 827 4730 defuturum,
843 4667 914 4739 quin
965 4671 1045 4736 atquc
1060 4662 1175 4717 aliorum
1189 4665 1289 4716 sancte
1311 4658 1442 4742 Romane
1466 4659 1533 4714 sedis
1551 4657 1712 4731 pontificum
1723 4659 1768 4714 cte·

116 4755 168 4810 euri
177 4759 206 4813 et
214 4754 334 4830 argenti
346 4758 462 4810 montes
472 4755 610 4811 Romanis
625 4763 658 4799 ¹⁷¹
674 4755 787 4823 atterat,
800 4755 861 4811 eise
871 4771 915 4811 re·
965 4758 1038 4808 crcto
1054 4753 1082 4806 in
1096 4749 1207 4820 synodis
1216 4748 1457 4822 prouincialibusa
1472 4747 1682 4820 metropolitanis
1691 4763 1766 4819 prer-

117 4841 177 4898 dimi
186 4844 312 4918 pecunia
321 4844 483 4916 speret‘lAt
493 4845 515 4899 si
528 4845 685 4901 remotaab
698 4861 749 4900 usu
760 4847 789 4899 et
799 4859 916 4899 consue·
966 4843 1068 4913 capiunt
1084 4840 1232 4907 terminari,
1253 4837 1289 4892 od
1310 4843 1425 4893 vestram
1439 4853 1571 4892 summum
1584 4836 1771 4894 auctoritatem
1791 4883 1802 4896 .

116 4929 203 4986 tudine
216 4935 247 4988 et
258 4931 355 5005 spatio
371 4935 516 4987 terrarum
532 4948 592 4987 esse
609 4930 714 5004 putatis
731 4948 795 5004 qum
810 4947 915 5004 propo·
966 4928 1140 5000 sotipandom
1151 4927 1289 4984 docorum.
1306 4925 1347 4981 At
1360 4927 1385 4980 si
1400 4925 1472 4995 sorte
1491 4925 1523 4980 ds
1546 4925 1671 4998 episcopis
1689 4941 1772 4981 causo

118 5016 210 5088 nunus,
232 5021 294 5077 sint
308 5018 389 5075 vebis
404 5022 537 5092 exempla
552 5037 567 5075 e
588 5020 680 5076 vicino
695 5019 917 5092 petitallgidius
968 5026 1031 5073 noto
1056 5018 1151 5088 ssent,
1167 5016 1237 5072 unde
1255 5020 1327 5070 certa
1346 5020 1371 5069 ct
1395 5015 1560 5086 expressunt
1580 5013 1772 5084 succurrentis

117 5111 198 5178 mete,
212 5111 376 5166 Remorum
397 5108 638 5182 archiepiscopus,
656 5125 723 5183 qula
737 5108 872 5181 tlilperiei
883 5116 919 5151 ¹⁷¹
967 5124 1021 5166 non
1034 5105 1178 5162 babeamus
1192 5103 1311 5180 justicia,
1331 5109 1357 5161 ct
1370 5102 1403 5161 eb
1425 5101 1453 5160 id
1467 5101 1670 5176 mprooimtab·
1681 5102 1724 5158 ort
1741 5103 1770 5157 in

775 5233 891 5288 VARlAE
907 5231 1107 5290 nuculeum.

147 5337 178 5372 ¹¹⁴
192 5332 274 5390 adnm
291 5336 317 5388 t.
344 5341 378 5377 ¹⁶⁵
387 5349 508 5459 fruerer.
525 5337 552 5388 t.
583 5331 711 5388 sulem.
727 5336 753 5388 2.
790 5331 995 5388 trr-nmenttae
1010 5334 1038 5388 2.
1082 5337 1117 5374 ¹⁸⁹
1131 5327 1265 5384 ezechieli
1279 5331 1306 5386 2.
1349 5336 1385 5375 ¹³⁰
1403 5326 1466 5402 regi
1477 5341 1545 5388 corr.
1559 5325 1603 5390 rei
1615 5327 1642 5390 2·
1678 5333 1770 5382 ΜΝ·

120 5413 211 5458 nanos
226 5408 253 5460 t.
290 5412 326 5447 ¹⁷¹
340 5405 486 5478 chiperici
505 5405 657 5464 otiomonu
671 5404 731 5461 eliis
745 5407 863 5464 emisi.
893 5403 1036 5466 tutans.
1076 5409 1111 5448 ns
1129 5400 1234 5458 Persice
1249 5403 1294 5458 to.

893 5522 996 5581 nors.

152 5619 317 5695 (titensa.
