3936 6172
536 284 716 348 SlLVESTRl
730 285 754 346 ll
767 287 868 347 PAPAE
884 287 962 349 OPP.
978 287 1067 349 PARS
1082 291 1115 348 ll.
1134 319 1173 338 2-
1190 287 1238 348 DE
1249 288 1362 349 nunus
1373 287 1514 350 ECCLES.
1800 293 1849 352 itt

784 565 1265 682 annuamus

488 791 564 881 on
603 787 869 880 CORPORE
907 789 977 878 nr
1016 789 1309 882 snuoorun
1352 791 1561 882 nourur

227 1113 250 1175 l,
273 1113 352 1172 Sicut
366 1117 495 1172 antenus
511 1113 705 1188 dixitquidsm
715 1115 997 1188 sapiens,cujussen-
1010 1106 1036 1166 A
1050 1107 1336 1183 eJusimmutabililer
1351 1108 1494 1178 diota3sed
1505 1111 1692 1167 etbeatorum
1702 1112 1851 1186 Augustini

192 1204 319 1262 lentiam
327 1205 873 1279 probamus‚lieetnemenignoremus:
885 1209 999 1262 lntuen-
1051 1209 1081 1260 et
1094 1202 1273 1276 Hieronymi,
1291 1207 1319 1259 et
1339 1205 1519 1268 ceterorum,
1538 1206 1570 1258 ut
1583 1206 1650 1258 sunt
1664 1203 1795 1262 inventa:
1810 1211 1849 1274 ut,

192 1297 248 1359 tes,
275 1295 422 1368 inquiens,
447 1294 575 1366 Apostoli
596 1295 782 1362 sententiam,
801 1311 857 1367 que
870 1297 996 1352 dieitur:
1051 1294 1095 1349 his
1113 1293 1267 1364 diligenter
1290 1293 1457 1365 perspectis,
1473 1293 1517 1348 cui
1532 1294 1617 1356 Deus,
1637 1297 1687 1350 aut
1703 1313 1849 1370 perquem

195 1383 268 1448 Quia
284 1403 299 1437 c
316 1383 449 1438 animalis
462 1384 549 1438 bomo
579 1400 637 1437 uon
650 1383 772 1455 percipit
791 1401 834 1451 ea,
853 1401 916 1456 quae
931 1387 998 1440 sunt
1051 1383 1184 1454 dignatus
1198 1382 1285 1437 suerit
1300 1383 1424 1455 aperire,
1437 1386 1535 1454 pateat
1548 1386 1578 1439 et
1596 1385 1693 1439 tantos
1704 1385 1779 1442 viros
1791 1405 1849 1445 uon

191 1471 315 1544 Spiritus
337 1473 424 1539 Deip>
442 1473 607 1528 haesitamus
627 1473 825 1540 vehementer,
846 1490 882 1527 ne
901 1473 997 1530 minus
1050 1472 1213 1535 dissentire,
1233 1475 1261 1527 et
1286 1471 1316 1526 iu
1335 1471 1475 1528 catholiea
1489 1471 1613 1528 Ecclesia
1628 1491 1718 1529 unum
1731 1477 1759 1530 et
1771 1477 1848 1534 idem

194 1560 385 1634 spiritualiter
395 1561 997 1634 virentes,eumdespiritualibusresponsa
1047 1562 1152 1618 debere
1164 1577 1265 1616 omnes
1280 1577 1391 1632 sapere,
1408 1564 1436 1614 et
1451 1561 1574 1616 schisma
1588 1578 1647 1617 nou
1663 1579 1733 1619 esse.
1745 1565 1848 1622 Verum

126 1690 129 1696 -
191 1665 341 1722 paramus,
359 1651 456 1723 qualia
468 1651 542 1704 torte
559 1667 611 1704 uec
622 1650 691 1705 dum
707 1650 898 1723 percepimus,
915 1651 943 1706 in
955 1654 995 1707 la·
1047 1667 1110 1705 eum
1124 1650 1160 1704 ad
1174 1665 1223 1704 eos
1242 1648 1407 1704 venerimus
1429 1649 1476 1720 qui
1496 1650 1638 1705 moderno
1661 1653 1791 1722 tempore
1806 1655 1849 1710 bis

190 1739 288 1811 pidem
297 1739 619 1810 offensionisetpetram
630 1739 755 1794 scandali
767 1739 996 1796 incidamusSed
1048 1737 1355 1793 contentionibusnon
1367 1737 1525 1792 timuerunt
1537 1737 1685 1808 inservire,
1700 1744 1730 1795 et
1744 1742 1780 1796 ob
1796 1743 1848 1798 hoe

190 1826 295 1882 ilerum
312 1845 378 1882 cum
394 1828 542 1882 internum
555 1830 702 1899 aspectum
712 1828 748 1882 ad
759 1827 994 1898 eumdirigimus,
1047 1827 1117 1882 nihil
1133 1827 1254 1898 dignum
1270 1829 1441 1881 meruerunt
1460 1825 1595 1894 dilllnire,
1617 1845 1668 1883 nec
1688 1831 1848 1900 posteritati

191 1917 240 1988 qui
256 1916 326 1973 dixit
343 1935 349 1972 :
368 1915 479 1990 «Aperi
495 1933 527 1971 os
541 1919 670 1983 tuum,et
685 1933 739 1988 ego
756 1915 995 1988 adimpleboillud
1045 1919 1173 1972 venturae
1195 1917 1351 1987 potuerunt
1367 1913 1541 1982 satisfacere,
1557 1914 1626 1972 illud
1650 1916 1727 1972 beati
1753 1919 1848 1974 llilerii

192 2005 279 2078 (Psol.
293 2023 371 2075 cxxx,
391 2009 418 2060 ll
427 2005 449 2074 l,
466 2004 533 2059 fidei
549 2004 715 2076 integritate
729 2008 875 2072 manento,
891 2020 994 2075 provo·
1048 2006 1111 2073 (lib.
1138 2020 1187 2058 rur
1214 2003 1256 2057 De
1275 2003 1388 2074 Trinit.)
1416 2019 1475 2058 nou
1500 2003 1662 2060 dubitemus
1686 2005 1847 2064 inculeare:

190 2110 293 2150 camur
307 2094 494 2165 respondere,
506 2094 606 2166 dequo
622 2095 745 2166 dignum
761 2096 803 2148 est
818 2110 876 2148 rron
888 2097 994 2155 tacere,
1047 2116 1060 2144 a
1077 2093 1139 2146 Non
1155 2093 1207 2158 est,
1224 2090 1326 2163 inquit,
1343 2091 1482 2158 humano,
1495 2094 1544 2146 eut
1559 2093 1652 2147 surculi
1665 2095 1785 2150 sensuin
1800 2095 1848 2152 Dei

191 2183 227 2238 de
241 2182 377 2254 mysterio
387 2182 521 2237 videlieet
534 2183 662 2254 corporis
673 2185 701 2237 et
711 2182 858 2253 sanguinis
869 2181 993 2250 Domiui;
1045 2183 1132 2237 rebus
1147 2180 1337 2252 loquendum;
1349 2196 1500 2251 nequeper
1511 2179 1676 2236 violentiam
1688 2183 1849 2256 autimpru·

190 2270 351 2325 dicentibus
367 2270 549 2340 quibusdam,
560 2270 637 2324 idem
654 2270 806 2342 essequod
822 2270 945 2324 sumitur
959 2269 995 2324 de
1047 2271 1164 2325 dentem
1174 2268 1410 2340 predicationem
1421 2268 1577 2324 coelestium
1585 2268 1727 2325 dictorum
1735 2273 1848 2330 sanitati

192 2357 286 2426 altari,
304 2360 382 2430 quod
398 2363 430 2414 et
443 2359 514 2415 illud
535 2360 614 2432 quod
637 2361 679 2413 est
694 2376 727 2414 ex
742 2359 858 2431 Virgine
875 2360 993 2426 natum,
1009 2359 1148 2458 Belieuoe
1164 2361 1249 2428 atque
1261 2356 1358 2430 impiae
1371 2356 1567 2428 intelligentias
1579 2359 1776 2430 extorquenda
1784 2378 1847 2432 per-

192 2447 255 2503 aliis
271 2451 368 2503 erstem
390 2449 573 2520 negantibus,
590 2451 619 2503 et
636 2448 797 2504 dicentibus
813 2449 888 2503 aliud
914 2466 994 2517 esse3
1046 2446 1165 2503 versitas
1181 2449 1232 2500 est.
1245 2445 1314 2508 eree
1329 2445 1435 2516 scripte
1450 2449 1526 2512 sunt,
1538 2447 1847 2520 legamuszetquaele-

191 2536 367 2609 quibusdam
383 2537 471 2591 etiam
495 2537 636 2593 diabolica
655 2537 844 2608 inspiratione
863 2537 995 2609 blasphe·
1048 2533 1848 2609 gerimus,intelligamus;tuucperleetaehdeifungemur

192 2625 353 2693 mentibus,
370 2627 491 2680 secessui
517 2625 673 2682 obnoxium
697 2627 769 2682 iere.
791 2625 882 2698 Super
896 2627 998 2698 quibus
1048 2623 1155 2680 officio.
1167 2623 1253 2678 ullaec
1264 2625 1365 2677 eontra
1376 2639 1434 2690 eos,
1445 2622 1603 2694 quiputant
1614 2623 1758 2680 Christum
1772 2630 1847 2682 cate·

194 2715 392 2788 periculosum
418 2721 492 2771 esset
514 2717 621 2789 aliquid
640 2717 823 2788 respondere,
841 2715 889 2770 sed
905 2716 998 2786 magis
1049 2713 1201 2785 gorizasse,
1217 2711 1265 2765 ubi
1279 2711 1336 2766 ait:
1356 2712 1440 2766 Oinoe
1453 2711 1524 2783 quod
1541 2713 1568 2764 in
1585 2729 1622 2778 os,
1637 2713 1848 2786 etrelique.Vel

196 2822 280 2861 aures
304 2806 450 2874 obturare,
474 2805 524 2860 nisi
543 2805 729 2878 periculosius
757 2806 842 2868 soret,
862 2823 912 2860 eos
930 2806 998 2861 talia
1048 2805 1151 2857 contra
1165 2817 1227 2868 eos,
1244 2799 1294 2872 qui
1309 2799 1516 2870 dogmatizant,
1528 2799 1667 2872 quidquid
1681 2801 1848 2876 decerpere

199 2892 387 2968 proposuisse
403 2911 410 2962 3
428 2893 496 2965 quia
515 2896 569 2949 hoe
590 2897 632 2950 est
654 2911 706 2966 pro
724 2894 796 2948 lacte
811 2895 847 2949 ab
863 2893 997 2949 uberibus
1049 2889 1164 2947 Domini
1185 2889 1298 2957 dieitur,
1309 2891 1350 2944 vel
1365 2889 1533 2953 inveritate,
1544 2890 1589 2944 vel
1598 2889 1627 2944 in
1643 2891 1787 2962 figurans
1798 2910 1849 2964 per

193 2983 333 3055 butyrum
359 2984 408 3037 aut
422 2983 592 3054 sanguinem
609 2983 721 3038 elicere.
736 2984 821 3038 «llel.
839 2982 933 3055 inquit
946 2982 995 3038 Sa·
1046 2982 1101 3036 hoo
1117 2979 1146 3034 in
1162 2981 1266 3035 umbra
1289 2979 1354 3034 dici.
1371 2979 1428 3033 Sed
1447 2977 1483 3033 de
1496 2979 1540 3034 his
1558 2980 1710 3051 posterius.
1728 2981 1807 3038 Nune
1818 2986 1849 3038 ut

192 3071 319 3143 pientia,
328 3070 483 3126 invenisti?
497 3071 892 3143 Comede,quantumsulfieit
901 3071 994 3142 (Proo.
1049 3086 1110 3125 sese
1118 3070 1227 3124 habent
1237 3072 1402 3124 sanctorum
1415 3069 1532 3124 Petrum
1542 3067 1620 3124 dieta
1629 3069 1849 3127 immutabiliter

192 3177 256 3228 xxv,
275 3161 347 3230 16).»
359 3161 409 3214 Et:
427 3159 847 3215 oNimiusnoliscrutatoresse
860 3160 996 3231 majesta·
1045 3175 1198 3231 ponamus.

192 3248 280 3312 tis,ne
289 3248 405 3321 agloria
415 3247 804 3321 opprimarislltid,‚27).»Et
815 3248 995 3320 hisquidem,
1081 3249 1114 3302 ll.
1123 3247 1302 3314 Ambrosius,
1319 3246 1347 3301 in
1357 3246 1407 3302 lib.
1420 3247 1459 3302 lle
1469 3247 1656 3303 sacramentis
1670 3249 1765 3304 :slsis
1774 3265 1848 3316 esea,

194 3337 242 3409 qui
262 3337 404 3403 dixerunt,
420 3336 541 3392 secessui
560 3336 717 3392 obnoxium
743 3335 829 3409 (quod
848 3353 997 3408 nunquam
1049 3335 1153 3409 inquit,
1167 3353 1255 3408 quem
1271 3335 1455 3406 accipis:iste
1467 3334 1552 3407 panis
1564 3336 1652 3404 vivus,
1662 3337 1711 3408 qui
1728 3337 1763 3392 de
1778 3339 1849 3394 ceelo

193 3427 237 3479 est
250 3425 391 3496 auditum)
408 3424 437 3480 id
452 3427 505 3492 est,
525 3424 675 3480 lleribaldo
688 3424 916 3481 Autisiodorensi
936 3425 996 3496 epi·
1047 3425 1206 3492 descendit,
1222 3425 1286 3479 vites
1300 3427 1416 3480 aeternae
1429 3425 1620 3480 substantiam
1633 3425 1848 3482 subministrat:

194 3529 292 3585 scopo,
309 3513 358 3584 qui
384 3512 505 3584 turpiter
523 3514 682 3585 proposuit,
704 3517 732 3567 et
746 3514 864 3568 liehauo
880 3514 996 3586 ldogon·
1047 3517 1076 3569 et
1092 3513 1254 3585 quicunque
1270 3513 1486 3568 manducaverit
1497 3513 1649 3581 liuno,uon
1664 3514 1805 3569 morietur
1819 3515 1850 3570 in

193 3602 268 3668 tino,
285 3601 333 3673 qui
357 3602 467 3674 turpius
490 3601 652 3672 assumpsit,
669 3601 832 3674 turpissime
845 3618 911 3656 vero
927 3618 995 3656 con·
1047 3606 1200 3668 aeternum,
1218 3605 1247 3656 et
1265 3618 1370 3673 eorpus
1397 3601 1500 3657 Christi
1517 3606 1591 3656 est.»
1614 3603 1702 3658 item:
1720 3603 1853 3675 «Liquet

194 3689 286 3758 clusit,
303 3707 370 3744 suus
380 3690 417 3745 ad
432 3690 668 3762 respondendum
678 3690 995 3763 locusservetur.Prop-
1012 3686 1136 3762 Cigitur
1146 3689 1336 3761 quodpreeter
1348 3692 1458 3744 naturae
1468 3689 1601 3744 ordinem
1614 3690 1700 3760 Virgo
1706 3693 1855 3762 generarit

192 3782 238 3834 ter
249 3795 297 3834 eos
312 3781 409 3834 autem
430 3779 479 3852 qui
494 3778 573 3833 idem
600 3779 677 3851 quod
698 3782 799 3834 natum
821 3796 854 3834 ex
868 3778 996 3848 Virgine,
1048 3782 1078 3834 et
1088 3777 1238 3849 boe,quod
1252 3777 1429 3839 conficimus,
1442 3793 1587 3850 eorpusex
1602 3777 1713 3850 virgine
1722 3779 1854 3844 est.0uid

194 3869 244 3922 aut
268 3866 345 3922 uliud
373 3866 507 3921 dixerunt
526 3883 597 3934 esse,
622 3866 739 3920 diversae
761 3869 927 3921 sanctorum
943 3868 996 3921 Pe·
1048 3866 1323 3939 hicquoerisneturae
1344 3866 1478 3921 ordinem
1493 3867 1523 3921 in
1536 3866 1638 3922 Christi
1650 3884 1853 3940 corporeorum

193 3959 270 4012 trum
291 3959 437 4028 ponantur
460 3955 610 4010 sententiae
633 3972 639 4009 :
659 3971 722 4026 queo
745 3955 785 4009 eis
810 3955 927 4026 quidem
955 3954 995 4009 vi·
1047 3960 1153 4029 prater
1170 3959 1304 4010 naturam
1317 3956 1352 4010 sit
1371 3955 1430 4027 ipse
1446 3956 1586 4011 Dominus
1604 3956 1682 4012 Jcsus
1705 3961 1802 4029 partus
1818 3977 1852 4015 ex

194 4044 496 4115 denturdive1·srn‚scd
507 4045 623 4116 possent
639 4043 769 4099 sulficere
784 4043 807 4099 si
822 4043 858 4098 ad
878 4044 997 4116 plenum
1047 4045 1181 4118 virginet
1192 4043 1266 4099 Vere
1277 4044 1377 4116 utique
1385 4060 1450 4098 caro
1458 4044 1559 4099 Christi
1576 4061 1640 4116 quae
1653 4045 1851 4113 orucilrsaest,

193 4137 223 4188 ct
237 4133 357 4189 discrete
381 4136 477 4188 essent
493 4133 655 4188 intellectae.
673 4132 740 4188 llice
759 4135 855 4187 autem
876 4133 996 4187 Pascha·
1047 4152 1111 4206 quae
1127 4135 1240 4204 sepulta
1252 4135 1294 4188 est
1307 4151 1314 4202 3
1328 4151 1394 4188 vere
1409 4150 1478 4205 ergo
1494 4134 1589 4188 earnis
1601 4133 1675 4188 illius
1686 4151 1852 4190 sacramen·

179 4220 653 4292 ·siumltetpertumCorbeieusem
665 4221 995 4293 abbatemquirogatus,
1047 4226 1109 4278 tum
1125 4224 1177 4277 est.
1191 4241 1206 4274 u
1220 4223 1308 4276 ltem:
1323 4243 1337 4270 α
1349 4221 1428 4276 Siout
1444 4224 1577 4276 vcrusest
1589 4221 1639 4277 liei
1650 4221 1736 4278 Filius
1750 4224 1852 4278 Domi-

193 4309 336 4365 ineertum
352 4327 389 4364 an
402 4309 747 4382 provocatus,scripsitde
758 4309 859 4363 eadem
869 4325 899 4364 re
915 4308 996 4363 libel·
1047 4311 1101 4366 rius
1114 4313 1211 4366 noster
1224 4311 1303 4364 lesus
1314 4309 1450 4376 Christus,
1460 4326 1518 4364 uon
1534 4309 1779 4381 quemadmodum
1796 4311 1853 4367 bo·

193 4400 255 4454 lum
280 4399 317 4453 ad
333 4401 448 4454 eentum
466 4398 526 4452 iere
545 4398 670 4469 capitula
691 4397 758 4452 satis
774 4396 893 4453 utilem:
910 4413 996 4468 quem
1047 4399 1141 4455 mines
1156 4415 1207 4471 per
1228 4397 1365 4470 gratiam,
1380 4397 1431 4453 sed
1445 4397 1525 4469 quasi
1539 4397 1624 4454 Filius
1638 4415 1672 4454 ex
1687 4399 1853 4455 substantia

192 4504 258 4543 curu
282 4487 452 4559 resperserit
466 4487 558 4541 multa
572 4487 730 4541 multorum
748 4485 917 4542 auctoritate
942 4487 994 4540 Pa·
1046 4489 1157 4555 Patris3
1172 4487 1212 4542 ite
1226 4504 1294 4542 uera
1309 4503 1386 4554 caro,
1397 4485 1468 4541 sicut
1484 4485 1543 4558 ipse
1553 4486 1632 4553 dixit,
1644 4504 1731 4559 quam
1745 4487 1852 4560 accipi·

191 4578 280 4642 trum,
301 4575 382 4646 ponit
397 4591 431 4629 ex
452 4573 571 4628 nomine
593 4573 622 4628 S.
641 4572 794 4640 Ambrosii,
813 4596 827 4625 a
842 4575 920 4646 quod
935 4590 993 4629 non
1046 4594 1120 4644 mus,
1144 4579 1173 4630 et
1197 4592 1279 4631 verus
1292 4579 1335 4630 est
1357 4577 1473 4648 potus.»
1495 4575 1551 4630 Leo
1567 4591 1660 4648 papa:
1682 4574 1748 4630 «Sic
1762 4592 1854 4631 secere

192 4664 247 4718 alia
264 4664 350 4737 plane
370 4662 406 4718 sit
420 4679 486 4718 earo
508 4678 571 4733 quae
597 4661 720 4716 sumitur
736 4663 772 4717 de
795 4663 890 4730 alteri,
906 4679 994 4734 quam
1044 4683 1153 4722 mensae
1176 4664 1392 4720 communicare
1411 4663 1531 4724 debetis,
1549 4667 1580 4718 ut
1596 4663 1667 4718 nihil
1683 4679 1797 4734 prorsus
1815 4665 1853 4719 de

191 4769 257 4824 queo
273 4754 341 4807 irata
354 4754 396 4806 est
410 4751 445 4806 de
467 4751 556 4806 Maria
580 4750 701 4822 uirgine,
713 4754 740 4807 et
756 4752 882 4822 possein
899 4767 992 4816 cruce,
1043 4757 1162 4812 veritate
1179 4753 1307 4826 corporis
1324 4752 1434 4808 Christi
1449 4757 1478 4807 et
1492 4752 1639 4824 sanguinis
1652 4752 1818 4824 ambigatis.
1836 4772 1854 4806 s>

191 4845 221 4895 et
242 4859 305 4913 quae
326 4839 449 4895 surrexit
469 4840 505 4895 de
521 4839 662 4911 sepulcro,
679 4856 799 4912 quaeque
814 4856 865 4914 pro
881 4839 992 4907 mundi,
1044 4845 1238 4917 Augustinus:
1265 4842 1427 4914 «Suscepit
1450 4841 1577 4897 Christus
1597 4842 1724 4897 deterre
1742 4845 1854 4897 terram

189 4930 248 4984 rita
261 4929 353 4984 adhuc
366 4928 453 4984 hodie
468 4928 614 4984 ollerntur.
623 4949 636 4978 u
645 4927 752 4983 Contra
767 4945 852 5000 quem
869 4929 937 4983 setis
951 4945 994 4983 ar·
1044 4934 1199 5007 (quianam
1215 4933 1250 4987 de
1267 4935 1345 4986 terra
1360 4931 1412 5002 est)
1430 4933 1459 4985 et
1474 4929 1510 4985 de
1521 4945 1608 4986 earne
1624 4929 1717 4985 ldarirn
1731 4946 1852 4984 earnem

190 5021 401 5090 gumentautur
412 5020 440 5072 et
455 5018 590 5072 hebenus
609 5017 638 5071 in
653 5017 774 5089 epistula
787 5017 823 5071 ad
843 5017 992 5088 Egilonem
1043 5022 1180 5094 suscepit;
1202 5023 1231 5075 et
1248 5018 1315 5092 quia
1330 5020 1358 5074 in
1385 5018 1446 5090 ipsa
1461 5033 1548 5072 earne
1572 5017 1740 5084 ambulavit,
1756 5017 1853 5089 ipsam

189 5108 336 5171 abbatem,
350 5110 379 5162 et
391 5108 565 5162 Retramnus
578 5105 693 5178 quidam
701 5105 729 5160 in
746 5106 819 5160 libro
833 5105 992 5178 compositu
1044 5126 1161 5165 earnem
1181 5108 1265 5163 nobis
1282 5106 1519 5163 manducandam
1540 5105 1714 5161 adsalutem
1730 5105 1820 5162 dedit.
1836 5129 1851 5157 u

191 5197 226 5252 ad
241 5197 375 5252 Coretum
393 5212 505 5268 regem,
521 5195 648 5250 dieentes
663 5212 723 5250 esse
738 5195 825 5249 eliam
835 5212 845 5260 ς
856 5194 899 5248 vel
915 5193 992 5249 testi·
1044 5197 1176 5252 Basilius:
1188 5195 1422 5252 «Omiraculumt
1437 5194 1549 5251 olleiin
1566 5211 1619 5249 nos
1631 5195 1851 5251 benevolentia!

182 5285 289 5343 ,monio
311 5284 488 5356 Hieronymi,
504 5283 559 5355 'qui
580 5283 658 5350 d'eh,
672 5283 812 5354 drquieitcr
824 5283 880 5338 diei
890 5300 993 5354 eorpus
1044 5287 1091 5359 qui
1109 5303 1221 5340 sursum
1238 5286 1318 5339 sedet
1328 5285 1364 5338 ud
1378 5285 1525 5339 dextoram
1542 5282 1785 5348 Put1·is,sacr·iheii
1805 5285 1852 5338 ta-

190 5375 327 5444 llomini;
343 5377 387 5430 rel
405 5374 574 5429 auctoritate
589 5373 618 5427 S.
635 5372 798 5443 Augustini,
814 5371 993 5445 quidicittri-
1044 5393 1111 5430 meu
1123 5378 1255 5446 tempure
1269 5371 1745 5436 hominummanibuscontinetur,
1758 5373 1853 5426 tradi·

188 5467 293 5522 dliritcr
307 5465 372 5520 (liri.
392 5463 497 5534 litquia
520 5462 700 5518 contendunt
715 5462 742 5515 iu
760 5461 838 5518 libris
849 5461 991 5515 Ambrosii
1045 5467 1147 5534 tueque
1164 5463 1294 5516 luurbcre
1309 5461 1490 5533 cupientibus
1505 5477 1584 5525 curru,
1604 5464 1631 5512 et
1647 5477 1712 5514 euru
1730 5461 1851 5514 henedi-

187 5575 246 5612 nou
264 5556 303 5611 ita
319 5555 355 5610 ad
371 5555 496 5610 litteram
512 5549 644 5617 inueniri,
662 5566 804 5622 ponamus
824 5568 881 5605 non
899 5553 989 5605 sulum
1044 5552 1138 5605 ctione
1153 5549 1315 5622 eurnplecti,
1333 5551 1420 5622 litque
1435 5549 1489 5604 lrue
1511 5551 1604 5604 toturu
1621 5548 1673 5602 sub
1688 5547 1777 5602 oculis
1792 5549 1850 5604 lru-
