3952 6176
19 365 23 450 ἶ
130 415 170 474 aa
641 404 815 463 nrsrornui
828 397 1102 463 amnesam-
1115 401 1180 460 ars.
1199 403 1245 462 nr.
1720 399 1774 460 rao

128 533 186 590 dicto
199 533 307 591 clerico
322 532 446 603 irruens,
463 532 633 607 episcopum
654 529 754 588 vinciri
774 529 910 604 imperat.
923 531 951 596 A
965 528 1089 586 Veniens
1107 528 1240 599 Parisios,
1255 524 1430 587 ssscaliorum
1453 526 1561 584 multos
1574 544 1593 585 a
1606 525 1773 602 parentibus

126 623 251 694 illigatur
270 623 466 696 pontifexejus
479 623 623 690 manibus,
636 620 916 692 decujussaepebra·
965 621 1142 692 segregatos,
1156 635 1223 675 cum
1235 618 1295 676 illia
1308 617 1456 693 Hispanias
1466 619 1565 690 petere
1578 617 1605 674 ri
1617 621 1773 694 compelle·

127 713 181 768 chiis
192 713 310 768 vincula
333 712 486 784 deiecerat,
503 714 589 784 atque
612 711 647 766 ab
673 726 707 765 eo
734 707 917 780 mancipatur
965 709 1025 766 bat.
1037 709 1058 764 Ε
1072 708 1174 780 quibus
1188 707 1277 781 aliqui
1290 708 1380 763 v'tam
1404 707 1457 763 sibi
1474 707 1570 781 liqueo
1579 713 1772 779 extorserunt,

126 800 259 862 cuhffiae.
269 817 357 872 quom
365 800 589 872 sepiuscuenoso
599 799 737 854 eduxerat
746 797 780 854 de
789 812 913 852 carcere.
966 815 1002 854 ne
1017 814 1033 852 a
1047 796 1218 869 propinquis
1235 813 1382 869 quoquam
1396 795 1572 853 secederent.
1593 798 1774 856 antistiam

125 891 222 946 interea
246 906 369 944 cernens
394 889 547 961 episcopus
565 888 727 943 humanum
743 885 796 940 sibi
816 884 915 940 deesse
965 885 1103 942 violentia
1113 885 1179 940 illuc
1200 885 1241 940 iro
1255 885 1356 950 coacti,
1373 887 1548 942 testamenta
1575 886 1774 958 considerunt,

125 978 258 1044 auxilium,
275 977 407 1050 precibus
419 993 507 1050 opem
523 975 659 1048 implorat
674 973 915 1043 divinamltaque
966 974 1047 1047 quasi
1060 973 1089 1029 in
1105 973 1237 1045 proximo
1252 973 1310 1028 vita
1321 971 1448 1029 carituri.
1459 973 1669 1047 Talisquetunc
1683 978 1776 1034 luctus

124 1067 245 1123 divinitus
260 1066 362 1122 solutis
376 1066 505 1132 vinculis,
518 1063 741 1135 custodibusque
749 1061 860 1134 sopitis,
875 1060 917 1115 lu·
966 1061 1114 1119 parisiacis
1123 1065 1185 1118 erat
1195 1059 1402 1134 incolis,qualis
1412 1062 1559 1133 quondam
1566 1064 1621 1121 luit
1634 1065 1776 1138 AEgyptiis

124 1157 216 1228 gieose
244 1155 375 1212 custodia
387 1156 424 1210 ad
448 1169 550 1225 rogem
574 1151 913 1208 transiitGuntrannum.
967 1151 1149 1224 interemptis
1170 1150 1384 1223 primogenitis.
1411 1150 1546 1222 illegalis
1567 1171 1635 1210 sane
1661 1154 1775 1211 Childo·

123 1245 234 1301 Tandem
250 1243 405 1301 adversnrii
418 1243 537 1299 inventa
553 1242 714 1308 occasione,
730 1239 792 1310 regi
801 1237 915 1309 Chilpe-
966 1241 1042 1297 berti
1054 1240 1181 1312 (quosad
1196 1239 1390 1311 chilpericum
1405 1239 1559 1310 direxerat,
1577 1243 1723 1299 obtestans
1737 1259 1775 1299 ne

124 1333 345 1405 riaosuggerunt,
359 1331 440 1387 illum
450 1331 630 1404 proditorem
645 1327 915 1402 regniesse.Verum
967 1329 1003 1385 de
1016 1329 1156 1384 thesauris
1167 1328 1326 1396 civitatum,
1343 1346 1415 1401 quas
1427 1329 1481 1385 sibi
1497 1331 1718 1403 preripuerant,
1731 1333 1776 1388 rel

124 1423 227 1494 populus
236 1437 291 1494 pro
304 1423 417 1493 pastore
427 1424 556 1488 maestus,
566 1419 670 1474 direxit
692 1417 741 1490 qui
750 1431 851 1486 regern
863 1430 915 1485 pro
967 1417 1003 1472 de
1018 1417 1180 1490 mancipiis,
1192 1411 1351 1490 quidquam
1360 1415 1425 1472 filiae
1435 1416 1583 1489 tribueret)
1596 1435 1687 1474 unum
1700 1421 1775 1475 clam

125 1510 273 1566 reducendo
290 1525 324 1564 eo
335 1512 498 1566 exorarent.
510 1508 687 1578 chilpericus
702 1521 772 1576 ergo
791 1503 871 1558 misit
879 1503 917 1558 ad
967 1505 1176 1579 interemptum
1191 1505 1277 1561 luisse
1292 1505 1419 1561 luerunt.
1433 1505 1561 1578 Suscipio
1570 1509 1632 1562 erat
1640 1507 1778 1580 Chilperi·

18 1645 19 1648 ,
126 1599 242 1667 intrem,
255 1601 286 1654 ut
295 1596 462 1671 pontificem
477 1597 514 1652 ad
528 1613 609 1652 suam
625 1595 788 1650 dimitteret
802 1591 916 1658 urbem,
967 1611 1034 1651 cum
1050 1595 1110 1666 ejus
1122 1595 1198 1650 nocis
1208 1594 1294 1650 luisse
1313 1598 1472 1651 auctorem.
1491 1595 1545 1660 Oui
1559 1598 1659 1652 tamen
1670 1613 1776 1669 perre-

127 1687 211 1742 dscens
223 1702 255 1742 se
269 1686 311 1740 nil
328 1684 445 1742 otiensae
460 1685 564 1757 inipso
577 1682 917 1756 reperisso.Guntranuus
967 1682 1060 1756 liquos
1073 1683 1174 1755 nepoti
1189 1682 1426 1750 mandans‚nilse
1436 1700 1470 1739 ex
1480 1684 1575 1740 vetitis
1584 1689 1777 1757 praesumptu·

126 1779 205 1831 autem
219 1775 326 1830 multas
340 1773 475 1846 episcopo
493 1773 622 1828 tribuens
637 1770 783 1845 pecunias,
800 1768 836 1823 ad
850 1783 916 1840 pro·
968 1788 1046 1839 rum,
1061 1773 1150 1828 multa
1167 1788 1265 1827 ersuo
1292 1771 1357 1826 filiae
1383 1771 1503 1844 largitus
1529 1775 1582 1829 est.
1613 1772 1778 1838 Quinetiam

128 1863 177 1936 pria
189 1879 256 1919 eum
280 1862 402 1929 remisit,
417 1861 491 1918 datis
505 1863 541 1918 ad
554 1859 695 1917 antistites
702 1856 784 1930 regni
798 1855 841 1912 sui
856 1855 916 1927 epi·
932 1859 1070 1933 Bregius
1091 1862 1175 1917 tanta
1198 1859 1227 1917 in
1253 1877 1335 1928 auro,
1347 1865 1469 1934 argento
1484 1861 1626 1936 variisque
1653 1863 1779 1923 vestibus

128 1952 200 2020 ’wilti
214 1954 246 2007 ul
259 1951 341 2007 illum
358 1951 526 2006 muneribus
537 1950 728 2006 h0110r³1⁸011b
743 1945 796 2012 Qui
808 1944 916 2000 iterfa-
967 1949 1093 2022 protulit
1107 1965 1231 2010 munera
1245 1951 1277 2004 ut
1290 1966 1340 2005 rex
1361 1949 1540 2006 existimaret
1554 1967 1583 2007 se
1599 1951 1717 2025 inopem
1733 1968 1779 2008 re·

127 2041 278 2096 deuslanta
293 2037 454 2096 atidelihus
466 2038 592 2110 suscepit
602 2052 736 2105 munera,
752 2035 862 2107 quanta
871 2034 916 2088 vix
966 2038 1070 2110 linqui.
1083 2038 1212 2094 Cernens
1230 2037 1402 2095 illaturhari
1415 2042 1535 2112 propter
1544 2040 1599 2094 hoc
1614 2055 1725 2112 regem,
1742 2039 1780 2096 ad

127 2128 219 2186 civitati
233 2129 342 2185 interra
358 2145 415 2184 suae
429 2127 528 2200 quivit.
966 2125 1188 2184 circumstantes
1203 2128 1338 2196 Francos,
1360 2127 1401 2183 ita
1413 2131 1445 2183 ut
1459 2127 1636 2200 chilpericus
1652 2127 1777 2198 audiret,

411 2232 523 2290 cgpffl*
546 2233 611 2288 mv,
967 2215 1006 2272 sic
1021 2216 1119 2272 locuta
1131 2219 1194 2272 est:
1212 2237 1226 2268 a
1245 2216 1351 2283 Nullus,
1370 2215 1475 2289 inquit,
1497 2220 1629 2272 nostrum
1648 2219 1780 2273 autumet

123 2322 157 2378 lle
170 2322 282 2382 t'lotnrsi
291 2321 347 2396 filii
362 2322 508 2394 Obahm'ei
520 2329 594 2390 orta,
607 2323 695 2394 perlis
712 2321 847 2379 Massiliae
866 2338 918 2394 per
967 2304 1029 2361 hffi⁰
1044 2305 1188 2377 regalium
1203 2321 1264 2362 0⁵⁵⁶
1280 2307 1454 2360 ⁰f¹¹³m⁰¹¹l³
1468 2304 1682 2361 ihfflflllmfflm·
1698 2304 1780 2370 Quffl·

181 2394 552 2463 Msmmolsmrestilatioae,
563 2399 589 2448 et
597 2393 748 2466 Gtilpierict
761 2399 844 2450 meta.
970 2394 1038 2450 dam
1050 2393 1130 2448 enim
1142 2393 1202 2467 ipsa
1209 2392 1343 2465 princeps
1353 2391 1425 2447 mihi
1435 2391 1510 2448 dotis
1520 2392 1639 2449 nomine
1648 2394 1780 2464 contulit,

152 2485 179 2539 ln
192 2484 246 2538 illis
261 2483 362 2539 diebus
381 2482 542 2554 Chilperico
558 2481 654 2537 denuo
671 2485 754 2538 natus
774 2486 817 2538 est
830 2481 917 2551 lilius,
970 2483 1106 2555 quadam
1129 2479 1263 2555 proprius
1282 2479 1365 2536 labor
1392 2479 1551 2552 acquisivit,
1567 2481 1663 2554 aliqua
1688 2485 1782 2540 vestra

120 2571 229 2628 nomine
244 2569 583 2643 Clotarius.0uapropter
593 2569 741 2626 universos
749 2587 878 2627 carceres
886 2569 918 2626 in
969 2570 1170 2627 munificentia
1194 2569 1304 2628 tribuit.
1321 2589 1335 2619 n
1352 2570 1409 2625 Hac
1423 2569 1618 2626 satisfactione
1638 2573 1780 2642 suscepta,

119 2676 204 2732 regno
218 2677 269 2716 suo
283 2659 460 2732 Chilpericus
470 2658 575 2732 aperiri
589 2658 681 2730 jussit,
696 2661 725 2714 et
739 2658 918 2716 diversorum
969 2659 1083 2715 intento
1097 2659 1174 2732 regis
1196 2659 1312 2731 quievit.
1324 2659 1501 2714 Francorum
1515 2657 1782 2733 quoquaprimores

18 2798 20 2800 .
117 2763 178 2804 reos
202 2748 360 2804 criminum
376 2748 492 2803 absolvi.
514 2748 619 2803 Tarum
635 2747 776 2803 idemrex
795 2746 919 2804 Parisius
969 2747 1059 2804 tiliam
1070 2747 1328 2820 regisrlarissimis
1340 2747 1468 2803 ditavere
1481 2747 1575 2806 donis.
1590 2748 1683 2804 Tanta
1699 2747 1782 2804 deni·

114 2837 223 2912 psham,
239 2841 341 2893 contra
356 2839 473 2911 pactum
488 2836 567 2908 quod
581 2851 647 2890 cum
663 2835 780 2892 Francis
802 2835 919 2905 inierat,
971 2853 1026 2908 que
1041 2836 1245 2892 thesaurorum
1266 2836 1321 2891 luit
1342 2835 1437 2908 copia,
1454 2838 1485 2891 ut
1510 2852 1558 2892 sex
1586 2835 1715 2908 plaustra
1737 2836 1783 2893 his

2 2959 6 2966 -
117 2930 161 2990 (ne
173 2926 349 2998 scilicetjure
359 2925 608 2981 dominantiseam
617 2923 773 2997 aliquando
783 2923 920 2996 ingrede-
971 2927 1092 2980 onerata
1105 2940 1170 2979 eam
1182 2924 1390 2998 praecederent.
1406 2923 1475 2988 Quae
1486 2922 1700 2996 digrediensab
1710 2926 1782 2980 urbo

3 3062 9 3070 .
117 3015 206 3088 retur)
220 3015 363 3070 violenter
379 3013 507 3070 intravit.
522 3012 738 3085 Obquamrem
752 3013 920 3085 portionem
971 3011 1160 3082 Parisiorum,
1186 3014 1252 3086 post
1273 3013 1371 3068 oscula
1398 3017 1427 3068 et
1449 3013 1591 3084 lacrymas
1615 3015 1781 3085 parentum,

117 3103 243 3173 ejusdem
255 3103 389 3172 civitatis,
403 3119 468 3175 quea
489 3119 557 3158 aum
572 3103 743 3175 contingere
758 3102 920 3170 videbatur,
933 3118 957 3184 C
972 3103 1043 3159 dum
1055 3119 1141 3158 curru
1153 3103 1316 3171 veheretur,
1331 3101 1361 3158 in
1376 3101 1433 3174 ipss
1445 3112 1536 3175 portae
1551 3100 1652 3157 limine
1664 3101 1782 3159 effracto

113 3189 187 3261 juste
198 3191 304 3248 amisit.
318 3191 490 3247 liummolus
500 3193 613 3261 partem
628 3190 833 3264 Massiliaequae
847 3190 922 3246 Gun·
972 3192 1057 3248 unius
1073 3208 1125 3248 axe
1144 3193 1228 3258 rotae,
1244 3191 1288 3246 ad
1297 3193 1406 3246 terram
1422 3188 1539 3246 corruit.
1557 3189 1607 3246 Cui
1630 3205 1697 3246 cum
1719 3191 1782 3262 plu-

115 3282 250 3336 trannum
265 3296 298 3336 ac
314 3278 529 3337 childebertum
547 3281 762 3353 competebat,a
777 3297 807 3336 se
823 3297 921 3353 perra·
971 3280 1040 3336 rimi
1057 3281 1165 3336 malam
1185 3283 1322 3354 optarent
1335 3279 1450 3346 horam,
1466 3279 1589 3352 populus
1603 3279 1659 3334 hoc
1672 3295 1783 3353 proau-

113 3384 174 3424 sam
188 3367 872 3440 reddidit.chilperious,meluensGuntrannum
890 3373 921 3424 et
971 3369 1060 3441 spicio
1083 3369 1218 3441 suscepit.
1236 3366 1560 3440 Damoetarodenique
1576 3367 1611 3423 ah
1636 3367 1707 3424 urbe
1722 3367 1786 3424 mil-

114 3455 328 3514 Childebertum
337 3460 440 3513 contra
450 3473 480 3512 se
488 3456 677 3529 conspirasse,
690 3457 767 3531 apud
783 3456 919 3513 Camara-
970 3458 1054 3516 llario
1070 3458 1198 3514 tentoria
1221 3457 1359 3527 finissent,
1378 3456 1590 3530 quinquaginta
1615 3455 1680 3524 viri,
1695 3455 1786 3528 raptis

114 3559 179 3600 curn
193 3547 340 3604 thesauros
367 3562 513 3618 omneque
535 3545 721 3613 detensionis,
743 3563 801 3602 suae
821 3545 918 3618 praesi-
969 3550 1088 3604 centum
1104 3547 1185 3621 equis
1201 3563 1266 3603 cum
1283 3561 1384 3602 eorum
1397 3545 1491 3600 aureis
1510 3543 1647 3617 phaleris,
1662 3545 1699 3600 ad
1708 3544 1784 3601 Chil-

113 3630 191 3690 dirun
206 3635 394 3702 constituens,
413 3634 571 3690 exercitum
587 3649 663 3706 saepe
675 3635 823 3702 movebat,
840 3637 870 3690 et
886 3651 918 3690 ac
969 3637 1125 3693 dehertum
1147 3651 1247 3708 regem
1273 3650 1303 3690 se
1327 3635 1525 3690 contulerunt.
1542 3633 1624 3689 Unde
1651 3635 1785 3690 metuens

115 3721 185 3778 siad
199 3725 331 3795 prelium
347 3739 560 3796 progressurus,
577 3723 607 3778 in
633 3721 828 3794 papilionibus
851 3722 919 3779 resi·
970 3725 1159 3799 chilpericus,
1176 3741 1214 3782 ne
1230 3723 1333 3796 aliquae
1358 3723 1471 3782 insidiae
1490 3725 1664 3797 pararentur
1687 3721 1786 3779 lllissa

116 3810 183 3868 dere
195 3813 328 3870 iaciebat.
970 3817 1141 3888 nepotesue
1157 3815 1202 3869 rel
1235 3813 1334 3879 tratre,
1348 3815 1472 3884 quatuor
1486 3810 1577 3868 millia
1604 3813 1785 3867 armatorum

416 3919 529 3974 CAPUT
549 3917 602 3977 qv,
970 3902 1031 3973 ejus
1042 3899 1190 3974 deputarit
1199 3899 1326 3967 tuitioni,
1337 3898 1441 3972 quibus
1450 3899 1529 3955 Bobo
1540 3903 1569 3954 et
1583 3897 1683 3954 Waldo
1700 3897 1786 3952 duces

116 4005 537 4064 herimannitarum
562 4012 587 4062 a
616 4005 920 4080 salmanasarregem
969 3992 1127 4062 preerant·
1145 3987 1288 4062 praeerit
1301 3987 1390 4043 eliam
1405 3989 1438 4042 ¹¹2
1453 3988 1489 4042 <1⁰
1504 3985 1787 4086 substqnliispaupe

148 4079 392 4203 {pucopiqdeqoe
402 4079 754 4150 rosoramprmnotarilate
769 4085 795 4134 et
808 4078 920 4135 artori-
969 4096 1038 4135 rum
1058 4077 1222 4134 necessaria
1237 4076 1278 4132 eis
1297 4076 1325 4131 in
1341 4075 1445 4131 itinere
1473 4074 1762 4130 subministrarentur
1778 4090 1786 4130 ε

167 4167 200 4206 ³¹³
214 4151 323 4224 mimi·
399 4187 408 4204 ·
971 4184 1008 4223 ne
1026 4167 1088 4223 sssci
1105 4166 1237 4222 redditus
1263 4165 1360 4236 aliquo
1383 4163 1471 4220 modo
1496 4162 1709 4218 minuerentur.
1729 4161 1787 4218 llac

149 4257 307 4314 Theodosio
323 4257 524 4312 Ruthenorum
536 4255 670 4328 episcopo
682 4256 919 4324 detuncto,lnno·
972 4255 1062 4327 igitur
1077 4271 1144 4310 curn
1158 4269 1278 4327 pompa,
1292 4269 1417 4325 cumque
1430 4250 1578 4324 utriusque
1591 4267 1673 4306 sexus
1686 4251 1786 4307 multi·

116 4345 462 4402 centiusGaralitanorum
472 4361 641 4418 comes,per
654 4345 803 4401 decretum
811 4345 919 4400 Brune·
941 4343 944 4350 ’
971 4343 1061 4399 moda
1075 4339 1357 4412 tamilla,llispanias
1370 4338 1454 4413 petiit
1469 4337 1621 4411 Chilperici
1630 4338 1706 4412 regis
1716 4339 1786 4395 lilia.

118 4433 215 4490 ehildis
229 4435 349 4507 reginae,
367 4432 511 4500 successit,
535 4431 667 4503 Remigio
684 4449 798 4518 quoque
815 4431 918 4488 Bituri·
931 4414 958 4474 D
970 4431 992 4487 li
1006 4447 1075 4488 vero
1089 4431 1138 4504 qui
1153 4447 1219 4486 cam
1236 4428 1429 4498 deducebant,
1442 4431 1545 4485 cuncta
1559 4445 1612 4500 per
1625 4445 1689 4502 quaa
1704 4427 1786 4486 ibant

118 4535 184 4589 gum
217 4522 339 4595 praesule
367 4519 536 4576 decedente.
552 4518 694 4592 Sulpicius
712 4536 729 4575 a
749 4521 918 4576 Gunlranno
970 4521 1083 4576 vastata
1098 4518 1280 4591 linquebant.

120 4625 184 4681 rege
195 4611 377 4667 substituitur
391 4625 397 4664 :
411 4609 524 4665 dicente
539 4609 661 4681 praelato
677 4609 807 4680 principe
821 4609 920 4666 multis
1294 4624 1409 4681 cgpqq·
1427 4624 1504 4680 [νη.

119 4698 294 4773 ertemarius
303 4698 557 4771 copiosioribus:
576 4721 589 4748 «
605 4698 667 4752 N⁰n
683 4700 736 4762 sa,
750 4698 854 4770 inquit,
870 4715 920 4754 no·
970 4717 1012 4774 ne
1026 4713 1218 4788 assequare
1229 4718 1289 4769 asco
1300 4718 1327 4768 a
1339 4712 1489 4779 illecebris,
1502 4716 1528 4768 a
1542 4709 1699 4783 sterpeta
1710 4709 1787 4767 aaa

120 4789 181 4842 stra
204 4788 381 4844 consuetudo
403 4785 634 4842 mansuetudinis
663 4785 796 4842 eeclesias
815 4785 919 4841 Christi
1006 4785 1294 4858 temeritatemque
1312 4783 1523 4841 Aurelianorum
1538 4797 1600 4840 eam
1612 4782 1787 4840 Bleaeasibas

121 4875 208 4941 prelio
223 4876 359 4942 rendere,
389 4891 425 4930 ne
441 4891 494 4930 nos
509 4873 699 4929 damnatione
714 4873 806 4946 digni,
822 4879 851 4930 et
869 4889 919 4929 vos
1006 4860 1037 4912 ⁴⁷²
1054 4856 1196 4914 Dum&
1211 4857 1388 4928 '‘P‘d'illl’le·

121 4960 195 5035 lagu
210 4964 321 5021 Simoni
332 4963 441 5020 similes
466 4962 548 5017 videa
562 4962 663 5016 mini.»
685 4963 719 5017 Et
728 4963 782 5018 hoc
800 4961 918 5034 quidem
1006 4964 1074 5019 Erat
1090 4967 1188 5018 autem
1204 4963 1327 5036 praelata
1344 4959 1644 5034 Fredegundislorma
1658 4960 1786 5035 egregia,

122 5065 166 5105 rex
177 5053 296 5125 dignum
313 5053 457 5108 memoria
477 5051 596 5124 protulit
622 5051 752 5106 verbum.
767 5051 824 5106 line
841 5067 918 5107 anno
969 5051 1089 5110 consilio
1104 5051 1217 5119 callida,
1234 5051 1307 5107 dolis
1320 5051 1452 5122 (excepta
1466 5050 1665 5122 Brunechilda)
1686 5067 1788 5124 parem

120 5153 186 5195 rosa
200 5142 266 5198 sisa
281 5143 348 5197 sunl
371 5156 470 5197 mense
496 5139 647 5207 lanuario;
668 5142 697 5194 et
710 5139 839 5207 arbores,
855 5155 923 5211 quse
979 5140 1086 5197 nescia.
1103 5140 1171 5206 Quoe
1187 5139 1301 5196 addicto
1316 5140 1352 5196 ad
1367 5157 1432 5195 suas
1456 5139 1590 5196 libidines
1616 5139 1786 5212 chilperico,

120 5241 212 5284 mense
237 5228 311 5285 lartio
340 5230 449 5285 tructus·
470 5227 662 5300 protulerant,
682 5229 789 5284 iterum
819 5243 918 5284 melisa
977 5227 1787 5300 itamontemejuscnpidilatesuiohstruxeratutlemi-

120 5313 274 5388 Septembri
287 5317 357 5374 alios
367 5319 560 5390 protulerunt.
981 5335 1052 5374 neas
1067 5319 1182 5374 vincere
1196 5334 1255 5373 non
1278 5319 1436 5391 prevalens
1460 5319 1619 5384 aviditates,
1635 5317 1716 5389 quasi
1734 5315 1788 5373 vile

396 5406 507 5462 CAPUT
524 5406 587 5464 LVl.
977 5405 1155 5481 mancipium
1181 5406 1342 5462 insolentia.
1351 5405 1485 5461 muliebri
1494 5406 1787 5477 obsequereturllum

117 5492 155 5549 lle
166 5493 235 5566 filie
251 5493 408 5568 Obilperiei
421 5511 497 5567 repis
509 5511 561 5566 per
575 5495 684 5567 lagatos
698 5493 916 5566 desponsatione.
972 5494 1063 5568 igitur
1080 5494 1212 5567 impenso
1222 5510 1284 5550 eam
1307 5493 1438 5566 diligeret
1464 5509 1575 5561 amore,
1599 5492 1786 5565 quadamdie‚

151 5585 180 5638 ln
190 5585 270 5656 cujus
280 5583 539 5650 mensislialendis,
550 5583 727 5656 Chilpericus
738 5582 827 5638 liliam
837 5599 919 5637 suam
977 5586 1113 5638 renatum
1128 5584 1343 5658 prolecturus,e
1357 5581 1473 5654 regiain
1482 5581 1627 5637 stabulum
1639 5570 1787 5637 deseendit

118 5669 306 5744 Hispanorum
323 5672 383 5744 regi
402 5672 454 5728 hoc
466 5670 569 5728 ordine
582 5688 634 5744 per
648 5673 758 5743 legatos
774 5668 916 5743 desponit.
973 5690 1128 5748 equorum.
1149 5671 1259 5744 Regina
1274 5687 1340 5729 voro
1360 5669 1508 5728 aestimans
1522 5686 1623 5743 regem
1635 5671 1700 5742 jam
1714 5683 1781 5741 pro·
