3936 6172
204 363 256 429 ret

504 337 681 405 silvester
694 340 717 396 ll
731 325 834 396 PAPAE
853 325 939 393 OPP.
955 319 1045 389 PARS
1060 325 1127 388 1.-
1151 328 1197 390 DE
1216 329 1396 394 lllSGlPLlN.
1410 288 1562 396 barbata

1815 333 1863 397 lt't

204 485 315 543 dicetur
333 475 465 534 Socrates
490 469 604 531 calvum
626 467 655 520 et
681 460 748 535 quia
763 459 896 516 Socrates
918 456 1007 510 homo
1018 447 1048 510 A
1059 455 1377 528 est.ErgoIlationeati,
1395 459 1533 532 quoniam
1549 457 1748 514 universaliter
1762 459 1863 532 praedi-

201 577 254 643 est,
268 573 297 628 et
312 565 430 632 animal,
458 562 488 616 et
515 552 684 621 substantia,
702 549 813 605 dicetur
827 561 941 620 quoque
955 543 1007 599 So-

201 664 294 720 crates
308 656 440 714 ethome
455 648 561 713 calvus,
588 644 617 698 el
632 639 742 697 animal
754 638 876 702 calvum,
890 637 919 689 et
928 632 1008 689 subs-

202 749 294 808 tantia
308 745 397 801 calva.

236 873 290 931 XV.
304 871 360 926 Nec
374 866 457 941 putet
474 877 523 918 me
540 855 643 930 aliquis
665 854 720 910 hoc
748 852 819 907 velle
834 849 1007 923 significare,

202 968 235 1020 ut
248 960 398 1018 minorum
412 946 580 1025 predicatio
593 940 738 999 redundet
750 939 926 1009 admajora;
943 951 1007 991 cum

201 1050 316 1122 majora
329 1056 445 1114 semper
459 1037 497 1092 de
511 1027 883 1101 minoribuspraediccntur,
895 1024 1010 1079 minora

202 1142 238 1198 de
249 1133 407 1208 maioribus
415 1139 576 1198 uunquam.
587 1119 731 1182 Aliudest,
743 1115 891 1188 generalia
898 1114 934 1168 de
944 1128 1009 1183 spe·

201 1226 320 1284 cialibus
334 1218 512 1294 praedicare3
528 1210 658 1280 itemque
670 1204 803 1277 specialia
812 1203 847 1258 de
856 1200 1009 1257 individuis

201 1318 259 1374 sive
276 1313 307 1369 in
322 1303 549 1384 praedicamento
565 1294 742 1361 substantiae,
758 1292 815 1348 sive
831 1290 860 1345 in
877 1288 1008 1344 acciden-

200 1405 274 1462 tium
288 1389 522 1473 predicamentis
536 1384 696 1443 secundum
717 1379 941 1450 uniuscujusque
958 1393 1008 1438 na·

202 1496 317 1556 turam3
331 1488 477 1555 longeque
490 1476 578 1544 aliud,
597 1477 732 1530 naturam
762 1464 1011 1525 accidentium¹ad

203 1574 370 1636 substantias
384 1569 493 1626 referre
504 1561 726 1638 proprietatem.
743 1557 907 1630 lbiquoque
917 1553 1013 1609 consi-

204 1664 314 1724 deratio
331 1664 384 1729 est,
401 1673 465 1731 quoe
482 1649 652 1716 substantia,
669 1648 705 1703 de
725 1663 782 1720 qua
796 1639 966 1709 substantia,
983 1643 1013 1695 et

204 1753 283 1829 quod
297 1747 440 1812 accidens,
470 1744 505 1799 de
520 1756 577 1812 quo
597 1734 739 1793 accidenti
758 1732 940 1805 predicetur,
957 1729 1054 1810 hocB

203 1838 351 1917 quomodo
362 1851 392 1891 se
406 1833 513 1890 babeat
527 1826 660 1884 accidens
669 1823 707 1879 ad
719 1818 922 1884 substantiam,
940 1819 968 1871 et
982 1815 1012 1870 in

204 1948 261 2006 que
273 1926 402 2002 primum
416 1917 591 1992 reperiatur,
604 1917 635 1969 ut
649 1913 684 1969 de
700 1909 829 1966 Socratis
843 1905 952 1963 calvitie
965 1903 1012 1958 bic

203 2016 378 2078 dictumest.
395 2011 492 2080 Neque
518 2005 598 2061 enirn
621 2001 688 2074 quia
716 1999 859 2064 Socrates,
890 1992 1012 2051 comsit

203 2111 308 2174 calvus,
321 2103 451 2171 itemque
465 2110 532 2150 cum
545 2093 582 2148 sit
595 2092 697 2157 homo,
712 2091 756 2144 est
776 2085 908 2142 Socrates
923 2084 1011 2138 bomo

203 2192 377 2263 calvus,ideo
386 2184 577 2242 omnishomo
587 2181 682 2236 calvus
689 2180 741 2244 est,
754 2175 830 2247 quod
840 2190 873 2229 ex
882 2170 1013 2245 proposi-

205 2277 387 2344 tionumaliee
401 2275 469 2330 sunt
483 2269 667 2334 universales,
686 2267 718 2320 ut
734 2265 837 2318 :omnis
853 2261 931 2315 bomo
952 2260 1012 2313 ani·

204 2372 262 2432 mal
271 2375 307 2426 est
315 2394 324 2434 ‚-
343 2366 407 2427 aliea
420 2359 617 2438 particulares,
632 2358 663 2409 ut
676 2370 683 2408 :
696 2347 806 2424 quadarn
824 2349 901 2403 bomo
910 2345 1013 2402 animal

120 2459 124 2464 ’
205 2471 253 2530 estc
263 2462 327 2520 aliea
340 2453 560 2518 indelinitoe,ut:
572 2447 649 2500 bento
659 2440 762 2496 animat
771 2445 818 2494 est.
831 2435 859 2492 Si
870 2453 939 2508 ergo
951 2433 1014 2490 uni-

204 2549 350 2610 versalitas
365 2560 461 2619 perse
476 2541 568 2613 ipsam
586 2534 617 2589 in
631 2527 864 2604 propositionum
880 2521 1015 2582 terminis

205 2642 325 2706 valeret,
340 2626 599 2694 determinationes
611 2618 771 2676 universale
785 2611 1015 2671 determinantes

207 2728 312 2788 addite
325 2740 384 2780 uon
397 2719 530 2777 fuissent.
545 2713 617 2768 Cum
628 2704 874 2763 enimunirersale
886 2701 1013 2767 silbomo,

116 2857 127 2867 -
206 2810 450 2875 determinatione
463 2803 594 2878 apposita
607 2794 777 2872 exprimitur
790 2795 886 2848 utrum
900 2789 1014 2845 univer-

419 2891 592 2953 rticulariter
605 2889 636 2944 in
655 2882 853 2959 propositione
869 2880 1015 2952 prolatum

931 2967 1016 3022 lluset

206 3084 326 3162 quidam.
339 3081 411 3137 Cum
427 3090 496 3146 ergo
512 3067 673 3127 universale
686 3063 817 3129 silbomo,
828 3059 907 3116 nube
919 3058 1017 3114 deter-

207 3171 369 3234 minatione
381 3152 604 3229 adbibita,'cum
620 3155 656 3210 de
670 3169 705 3208 eo
721 3150 829 3208 dixeris
844 3149 940 3204 :tomo
953 3145 1017 3218 plri-

208 3263 328 3336 lesopbac
335 3264 383 3327 est,
401 3254 481 3311 nulla
495 3246 650 3306 necessitas
665 3240 742 3314 cogit
756 3236 879 3310 intelligi
896 3251 1017 3291 omnem

207 3352 359 3412 hominem
373 3339 578 3419 philosophum
596 3349 668 3390 esse.
685 3330 756 3384 Cum
780 3326 861 3382 enim
886 3323 1018 3422 Socrates

209 3435 397 3516 philosophus
411 3431 457 3498 sit,
472 3427 610 3496 idemque
618 3420 656 3476 sit
665 3419 766 3485 bomo,
776 3429 876 3500 rerum
884 3415 1017 3479 errt,cum

211 3524 316 3586 dixeris
330 3539 339 3578 z
355 3521 434 3578 aomo
443 3510 613 3588 philosophus
626 3512 672 3562 est.
687 3505 763 3576 Ergo
778 3499 936 3556 iudessnitae
949 3513 1018 3571 pro-

209 3613 368 3692 positiones
391 3621 455 3679 quae
478 3597 638 3658 universale
654 3593 815 3665 subjectum
826 3586 947 3656 habent,
960 3585 1018 3642 vim

212 3702 365 3764 continent
377 3687 596 3770 particularium
603 3681 844 3759 propositionum.
855 3678 926 3734 Cum
939 3675 1019 3733 enim

212 3796 276 3853 dico
293 3808 301 3848 ι
316 3778 573 3857 tonnptttosopnn
601 3781 648 3842 eet,
676 3771 734 3828 tale
763 3770 806 3825 est
823 3785 856 3824 ac
869 3765 891 3822 si
910 3782 1017 3839 propo-

211 3899 283 3943 nam
299 3897 306 3937 :
320 3876 430 3954 qnidam
439 3872 516 3928 tomo
524 3863 694 3940 philosophos
709 3866 755 3916 est.
768 3857 802 3914 ut
816 3855 955 3931 quoniam
964 3855 1020 3912 Ra-

213 3969 320 4030 tionalis
332 3959 508 4027 dillerentia,
524 3971 590 4011 cum
603 3952 638 4008 de
658 3967 693 4007 ea
719 3947 837 4008 Ratione
862 3946 904 4000 eti
916 3941 1020 4018 praedi-

212 4062 304 4128 catur,
320 4049 482 4111 universale
497 4044 659 4117 subjectum
674 4037 721 4106 sit,
747 4034 803 4092 erit
818 4034 853 4090 de
868 4049 903 4089 ea
916 4029 1020 4087 indefi-

211 4149 275 4208 nita
285 4124 712 4221 propositio,vimparticularis
725 4121 887 4220 continens,
902 4135 946 4187 ea,
957 4134 1020 4218 quoe

213 4236 369 4294 dicuutur:
386 4225 452 4300 quia
477 4215 610 4276 rationale
628 4221 676 4283 est,
708 4213 813 4267 ratione
838 4214 1022 4278 utitur:qu1a

212 4318 372 4398 propositio
387 4313 452 4370 talis
468 4314 554 4366 estac
568 4306 591 4362 si
602 4301 715 4361 dicatur
726 4318 732 4356 :
745 4298 878 4374 quoddam
890 4294 1022 4352 rationale

213 4413 318 4470 ratione
328 4406 425 4464 retitur.
442 4397 496 4465 Qui
511 4394 591 4452 enim
607 4391 675 4448 dicit
691 4406 698 4447 :
714 4405 792 4445 omne
808 4385 878 4462 qaod
890 4383 1023 4441 rationale

212 4507 260 4568 est,
285 4497 387 4552 ratione
408 4489 506 4554 alitae,
520 4499 583 4540 rem
599 4479 792 4535 universalem
822 4471 1024 4530 universaliter

213 4580 385 4647 enuntiarit,
414 4579 444 4632 et
467 4576 510 4628 est
524 4567 682 4626 affirmatio
698 4565 780 4632 falsa,
797 4561 877 4634 cujus
892 4558 1021 4632 negatio,

213 4679 244 4736 id
259 4675 312 4744 est,
322 4667 426 4726 nullam
436 4657 568 4719 rationale
584 4657 687 4714 ratione
701 4655 799 4721 utitur,
814 4647 1023 4706 similiterlalsa

214 4761 370 4840 reperitur.

249 4888 318 4945 llVl.
333 4879 463 4955 Amplius
480 4875 529 4933 tin
542 4872 587 4931 bis
600 4887 665 4944 quea
676 4867 902 4926 substantialiter
917 4865 1022 4940 praedi-

214 4981 317 5037 cantur
344 4969 505 5028 secundum
532 4953 724 5019 universalem
750 4955 977 5014 affirmationem
992 4959 1022 5010 et

214 5064 414 5140 negationem,
425 5055 516 5113 altera
534 5067 638 5108 eorum
652 5063 769 5120 semper
780 5061 848 5102 rera
862 5047 915 5112 est,
931 5045 1023 5100 altera

1061 549 1158 601 catum
1169 547 1204 602 de
1220 546 1371 616 Rationali,
1386 551 1523 621 utrasque
1538 549 1764 616 enuntiationes,
1780 547 1809 602 id
1825 550 1866 602 est

1059 635 1297 703 affirmationem,
1307 636 1529 708 etnegationem
1538 636 1623 692 salsas
1631 637 1727 706 eflicit,
1739 653 1796 692 non
1805 636 1866 690 sub

1058 723 1241 792 stantialiter,
1253 724 1304 780 sed
1314 725 1531 780 accidentaliter
1548 725 1753 796 praedicabitur
1767 725 1802 779 de
1812 724 1866 781 ea-

1059 811 1162 866 tionali.
1179 812 1275 867 Falsus
1287 815 1330 868 est
1342 814 1433 880 enim,
1457 813 1506 885 qui
1532 811 1600 867 dicit
1622 829 1628 868 :
1650 829 1727 867 omne
1738 813 1808 885 quod
1823 827 1865 868 ra-

1060 898 1156 954 tionale
1170 903 1213 954 est
1236 902 1340 955 ratione
1357 902 1446 956 utitor
1454 929 1462 967 ,·
1479 917 1544 956 curn
1557 901 1581 956 is
1594 902 1642 973 qui
1658 900 1768 956 dormit
1779 900 1865 955 ratio·

1059 987 1133 1042 nalis
1156 987 1203 1056 sit,
1227 991 1255 1042 et
1270 989 1383 1043 ratione
1404 1005 1463 1044 non
1491 992 1597 1043 utatur.
1620 989 1654 1043 Et
1668 1004 1775 1057 rursus,
1802 987 1867 1059 quia

1059 1074 1164 1129 nullam
1177 1075 1309 1132 rationed
1329 1078 1432 1132 ratione
1447 1079 1544 1143 etr'tar,
1569 1093 1635 1131 cum
1651 1077 1736 1131 multi
1756 1075 1866 1130 ratione

1060 1165 1197 1218 utantur:
1214 1180 1284 1236 ergo
1300 1165 1418 1220 Ratione
1433 1167 1475 1219 uti
1486 1163 1691 1236 praedicabitur
1711 1165 1748 1219 de
1772 1164 1866 1220 Italio-

1060 1249 1119 1307 nali
1127 1268 1186 1306 non
1207 1252 1443 1321 substantialiter,
1459 1253 1509 1306 sed
1524 1251 1748 1319 accidentaliter,
1765 1254 1794 1306 et
1805 1254 1867 1306 tan·

1061 1355 1149 1411 quam
1165 1340 1329 1396 differentia
1344 1340 1529 1396 accidentalis
1540 1341 1576 1395 de
1593 1340 1773 1396 substantiali
1786 1338 1866 1395 dille-

1061 1429 1167 1485 rentia.
1181 1429 1261 1484 Sicut
1274 1431 1353 1485 enim
1368 1429 1577 1484 rationabilitas
1597 1445 1614 1483 a
1635 1429 1746 1484 caeteris
1760 1443 1813 1483 nos
1825 1445 1867 1483 se·

1061 1519 1144 1590 parat
1157 1517 1340 1586 animalibus,
1356 1535 1420 1591 quae
1436 1517 1621 1573 rationabilia
1640 1533 1700 1573 non
1726 1519 1813 1572 sunt:
1829 1517 1868 1572 ita

1062 1608 1151 1662 etiam
1167 1607 1286 1663 Ratione
1297 1610 1338 1661 eti
1356 1624 1409 1662 nos
1424 1605 1539 1662 dillerre
1551 1606 1620 1662 lacit
1639 1606 1675 1661 ab
1690 1606 1725 1661 iis
1735 1605 1868 1661 animali-

1062 1695 1125 1764 bus,
1139 1712 1203 1767 quoe
1219 1697 1332 1750 ratione
1345 1712 1403 1750 non
1420 1698 1550 1754 utuntur.
1573 1693 1781 1751 Praedicabitur
1797 1710 1868 1766 quo·

1062 1801 1118 1856 que
1134 1785 1250 1842 Ratione
1263 1787 1305 1838 eti
1316 1784 1351 1838 de
1361 1783 1504 1840 Rationalr'
1515 1783 1673 1839 secundum
1687 1786 1821 1839 naturam
1830 1783 1869 1838 in-

1063 1873 1253 1929 diffinitarum
1267 1873 1519 1944 predicationum,
1541 1888 1604 1944 quae
1619 1871 1771 1927 continent
1780 1871 1870 1945 parti-

1062 1963 1202 2018 cularium
1219 1978 1278 2017 non
1295 1962 1453 2016 secundum
1467 1961 1677 2034 proprietatem
1693 1959 1871 2016 determina·

1062 2051 1187 2116 tionum,
1212 2067 1277 2124 quas
1309 2050 1430 2121 subjecti
1457 2049 1588 2104 terminis
1616 2050 1809 2122 quantitatem
1821 2047 1870 2104 de-

1062 2143 1245 2196 monstrant:
1262 2155 1357 2213 neque
1373 2138 1534 2210 subjectum
1559 2137 1690 2194 rationale
1703 2137 1869 2192 universali·

1062 2232 1107 2282 ter
1120 2229 1266 2299 prolatum
1284 2228 1419 2301 suscipiet
1432 2244 1541 2283 nomen
1550 2225 1872 2297 etdillmitionemprae·

1063 2315 1160 2385 dicati,
1177 2317 1254 2390 quod
1269 2333 1329 2373 non
1344 2317 1386 2384 lit,
1409 2316 1463 2371 nisi
1475 2316 1504 2371 in
1518 2315 1752 2371 substantialibus
1764 2313 1870 2386 praedi-

1063 2405 1233 2462 cationibus.
1249 2406 1456 2462 substantiales
1476 2409 1572 2460 autem
1587 2403 1807 2478 praedicationes
1821 2420 1870 2457 ro·

1063 2509 1107 2563 eo,
1124 2512 1187 2568 quae
1200 2495 1273 2550 liunt
1292 2511 1309 2549 a
1323 2494 1548 2566 generalissimis
1559 2493 1713 2566 generibus
1726 2509 1815 2564 usque
1834 2491 1869 2546 ad

1064 2583 1283 2657 specialissimas
1295 2583 1414 2654 species,
1431 2583 1488 2638 sive
1502 2582 1660 2648 individua,
1680 2580 1737 2635 sire
1758 2580 1790 2635 in
1806 2581 1871 2635 sub-

1064 2671 1177 2728 stantiis
1190 2673 1271 2738 fiant,
1283 2671 1340 2726 sivo
1353 2671 1383 2725 in
1402 2671 1607 2732 accidentibus,
1627 2671 1659 2724 ut
1673 2668 1789 2742 quando
1812 2669 1871 2721 ani-

1064 2760 1258 2816 malretr'onole
1269 2759 1381 2815 rnortale
1396 2757 1535 2826 (hominis
1548 2757 1677 2813 delinitio
1695 2761 1737 2812 est
1750 2774 1758 2812 ι
1773 2756 1876 2812 animal

1064 2850 1207 2917 rationale,
1223 2848 1347 2921 mortale)
1363 2847 1398 2903 de
1413 2848 1533 2904 honrine
1548 2846 1762 2918 praedicabitur.
1773 2844 1875 2901 Omnis

1065 2938 1145 2994 enim
1160 2937 1296 2993 diffinitio
1313 2937 1348 2991 de
1364 2953 1399 2991 ea
1411 2952 1442 2991 re
1457 2935 1640 3008 predicetur,
1657 2949 1746 3007 quarn
1762 2933 1873 2992 delinit.

1027 3026 1051 3086 C
1065 3029 1099 3082 at
1114 3042 1180 3082 cum
1197 3025 1277 3081 dico:
1293 3024 1444 3081 Dialectico
1458 3030 1496 3081 cst
1510 3023 1574 3080 berre
1588 3021 1744 3096 disputandi
1753 3023 1874 3088 seientia,

1066 3117 1141 3171 hanc
1160 3113 1367 3169 diffinitionem
1387 3109 1428 3169 de'
1447 3111 1599 3168 dialectica
1625 3111 1761 3183 praedico,
1789 3113 1818 3166 et
1833 3113 1876 3166 est

1067 3206 1188 3277 utraque
1201 3201 1366 3274 pradicatio
1382 3200 1588 3264 substantialis,
1604 3199 1804 3272 sicututraque
1820 3197 1877 3254 dii-

1066 3291 1177 3362 liuiti03
1192 3291 1286 3347 omnis
1302 3291 1380 3347 enim
1397 3289 1533 3346 diffinitio
1558 3305 1575 3346 a
1602 3304 1708 3358 genere
1721 3287 1876 3359 incipiens,

1067 3396 1176 3454 perque
1188 3379 1366 3436 differentias
1378 3396 1467 3452 usque
1483 3379 1519 3435 ad
1534 3377 1670 3451 speciem,
1687 3376 1872 3450 quaedefinit,

1067 3468 1248 3544 perveniens,
1264 3468 1463 3525 substantialis
1477 3469 1534 3525 est.

1103 3558 1180 3615 llVll.
1207 3560 1242 3614 at
1262 3558 1413 3631 quoniam,
1440 3561 1471 3611 ut
1490 3555 1625 3624 arbitror,
1640 3556 1727 3629 plane
1742 3553 1882 3611 demons-

1067 3649 1176 3703 tratum
1192 3649 1235 3702 eet
1251 3647 1399 3720 quomodo
1409 3646 1526 3703 Ratione
1536 3648 1579 3698 uti
1588 3643 1762 3716 predicetur
1778 3643 1812 3699 de
1824 3642 1883 3699 Ila-

1069 3735 1172 3805 tr'onali,
1189 3753 1248 3792 non
1261 3733 1454 3791 necessarium
1475 3732 1541 3788 duxi
1571 3733 1612 3788 eis
1633 3732 1821 3804 respondere,
1833 3730 1885 3804 qui

1068 3827 1130 3880 tam
1145 3823 1251 3879 insulsa
1266 3822 1474 3896 predicatione
1489 3820 1650 3877 commenti
1667 3822 1744 3887 suut,
1760 3834 1825 3892 quas
1849 3819 1884 3874 in

1069 3915 1174 3968 natura
1185 3909 1426 3983 predicationum
1448 3908 1571 3966 inveniri
1591 3924 1651 3964 non
1665 3909 1795 3982 possunt.
1816 3905 1884 3961 Non

1070 4000 1149 4057 enim
1164 4000 1232 4073 quia
1247 4002 1335 4068 aetus,
1355 4002 1384 4054 et
1397 4001 1534 4072 potestas,
1548 4001 1577 4053 et
1592 3997 1655 4070 plus
1667 3998 1744 4063 sunt,
1764 3997 1793 4050 et
1816 3995 1885 4066 plus

1071 4105 1158 4162 quam
1172 4089 1232 4144 sola
1246 4091 1384 4161 potestas,
1399 4086 1464 4142 ideo
1477 4087 1594 4144 Ratione
1608 4084 1691 4153 nti,in
1704 4086 1885 4156 quoutrum-

1071 4193 1127 4251 que
1139 4180 1192 4246 est,
1202 4176 1405 4248 praedicabitur
1417 4176 1451 4232 de
1462 4173 1614 4243 Rationale,
1628 4176 1660 4229 ut
1678 4193 1685 4229 :
1701 4171 1832 4240 cardulet,
1850 4172 1883 4227 in

1071 4283 1130 4339 quo
1144 4269 1188 4323 est
1203 4269 1282 4321 actus
1296 4281 1362 4321 cum
1374 4267 1526 4338 potestate,
1536 4265 1572 4320 de
1581 4261 1750 4320 ambulabili
1764 4278 1823 4317 non
1839 4259 1886 4316 di-

1032 4355 1155 4423 Dcitur,
1173 4354 1202 4409 id
1212 4354 1303 4421 est,de
1316 4354 1376 4408 sola
1386 4356 1544 4426 potestate;
1561 4352 1611 4408 sed
1633 4349 1795 4406 econtrario
1827 4367 1885 4404 non

1073 4442 1203 4511 ambalat,
1220 4443 1255 4498 de
1270 4441 1437 4498 ambulabili
1451 4441 1641 4515 praedicatum
1655 4456 1708 4495 nec
1721 4438 1886 4511 unus,quia

1073 4531 1144 4589 daos
1159 4529 1305 4604 precedit,
1326 4529 1391 4586 ideo
1419 4530 1454 4586 de
1470 4529 1581 4585 duobus
1596 4527 1811 4600 praedicabitur,
1828 4543 1886 4582 uec

1073 4621 1175 4694 primae
1203 4619 1369 4676 substantia
1395 4617 1583 4674 deserendis
1609 4617 1659 4672 sed
1685 4615 1818 4672 secundae
1846 4617 1886 4672 de

1072 4710 1176 4785 primis
1190 4709 1436 4783 praedicabuntur.

1108 4799 1250 4872 Descripsi
1264 4797 1417 4853 Gerbertus
1440 4795 1492 4852 etsi
1513 4795 1682 4869 agrarilate
1710 4793 1887 4851 sacerdotali

1074 4893 1197 4958 remota,
1212 4889 1381 4944 nontamen
1396 4885 1433 4941 ab
1449 4884 1593 4956 imperiali
1603 4883 1697 4941 studio
1711 4884 1888 4950 alienamu-

1073 4979 1170 5052 luique
1190 4976 1252 5033 aliis
1263 4974 1414 5047 displicere
1424 4990 1511 5047 quam
1526 4973 1607 5029 vobis
1622 4988 1680 5029 non
1693 4973 1889 5046 placerccurn

1073 5068 1104 5125 in
1119 5069 1187 5139 hoc,
1205 5067 1269 5121 tum
1291 5064 1320 5120 in
1336 5063 1471 5119 omnibus
1494 5061 1618 5136 negotiis
1645 5060 1769 5135 imperio
1789 5065 1888 5116 restro

213 5158 305 5224 falsa3
321 5154 362 5220 ut,
378 5148 401 5205 si
417 5142 573 5203 affirmatio
589 5155 656 5196 vera
674 5137 720 5205 sit,
732 5134 848 5207 negatio
859 5133 1023 5189 inveniatur
1075 5157 1180 5228 dignis·
1204 5152 1316 5226 Lageus
1328 5167 1397 5224 ergo
1417 5153 1479 5208 Μ
1492 5151 1570 5206 inp„
1593 5155 1695 5206 ,em
1720 5149 1891 5205 matheseos

105 5227 110 5236 ’
214 5248 301 5313 falsat
315 5243 344 5298 θῑ
359 5238 382 5296 δί
398 5217 1024 5298 affirmatiofalsa,negatioinveniaturvera,
1075 5244 1218 5303 exercitia.
1234 5243 1278 5299 An
1294 5257 1361 5298 vero
1375 5241 1464 5314 digna
1479 5239 1679 5313 sacropalatio
1696 5237 1890 5306 contulerim,
1925 5283 1930 5292 .

212 5340 266 5394 ut:
282 5329 454 5390 omnblome
474 5317 577 5378 ammai
587 5325 635 5385 est,
650 5314 739 5369 nullas
754 5313 833 5370 lonso
845 5311 949 5368 ammal
964 5318 1002 5367 est
1015 5331 1024 5380 ἱ
1075 5335 1217 5392 nobilium
1232 5331 1451 5405 respondebunt
1463 5328 1567 5384 studia.
1581 5327 1719 5384 Consulta
1732 5343 1791 5382 non
1807 5329 1891 5382 tace·

214 5425 301 5484 omit
311 5422 390 5479 &ww
403 5415 470 5488 lapis
481 5406 630 5479 fflrm‘m‘l
648 5404 725 5458 ΜΟ
736 5401 804 5501 ‘alf'
817 5407 866 5459 Ψ·
881 5399 911 5456 Si
926 5405 1024 5458 autem
1074 5424 1117 5481 bit
1134 5423 1238 5496 logica,
1254 5436 1307 5478 nec
1318 5421 1383 5494 jure
1396 5417 1505 5491 culpari
1519 5420 1659 5486 metuam,
1680 5416 1704 5472 si
1727 5416 1759 5472 id
1772 5416 1893 5472 labora·

214 5509 374 5576 secandum
389 5502 521 5562 accidens
544 5491 711 5570 predicatio
740 5490 939 5546 universaliter
962 5491 1023 5559 liat,
1074 5512 1165 5569 ,erim
1182 5509 1319 5580 effecisse,
1344 5508 1423 5583 quod
1441 5507 1528 5563 sacri,
1542 5506 1659 5564 auribus
1680 5504 1808 5581 potuerit
1822 5503 1891 5580 12¹²·

214 5608 351 5674 utrasque
370 5593 456 5653 simul
471 5589 556 5647 salsas
578 5582 699 5642 inveniri
715 5595 829 5637 neccsse
843 5583 896 5650 est,
908 5585 955 5636 ut:
967 5599 1024 5638 om·
1075 5601 1175 5661 cuim,

214 5695 261 5758 tait
280 5691 359 5754 mmo
371 5677 547 5765 ptitoroptee
569 5680 618 5746 est,
636 5671 725 5731 nattes
747 5671 825 5732 nnn
848 5670 1025 5748 philosophos
1435 5669 1528 5730 Finis.
