3932 6174
206 291 259 347 aie
564 298 566 303 ·
794 272 1265 348 lormnisonconimmi
1789 295 1832 356 lto

206 427 260 468 nus
274 411 326 486 (84)
348 411 452 472 scitum
473 429 592 470 manare
618 411 794 478 decernitur,
829 413 952 471 Romam
979 413 1157 486 adAjussit.
1173 414 1277 471 Secum
1293 413 1381 470 etiarn
1397 412 1554 470 maximam
1568 412 1836 488 thesauricopiamad

207 500 1016 576 apostolorumliminaproperavit.tnredeundoquidern
1066 503 1186 576 predicti
1194 501 1838 574 monasteriirestaurationemdeportarittlerit

206 589 258 647 lici
266 591 353 646 lullus
362 591 467 648 timore
477 591 611 665 beatique
620 591 715 658 Marci,
726 591 877 647 Venetiam
887 591 1015 660 intravit,
1068 592 1164 665 itaque
1178 591 1314 648 ducatum
1332 591 1417 648 aunis
1439 591 1549 647 duobus
1560 595 1590 647 et
1601 607 1695 646 mense
1707 608 1768 647 uno.
1780 594 1838 650 Nam

207 679 304 752 ibique
315 679 468 752 aliquantis
489 680 590 737 dicbus
604 679 745 736 orationis
761 679 856 735 studio
872 683 902 735 et
915 679 1017 736 domni
1067 698 1127 738 non
1140 682 1202 754 plus
1213 679 1839 757 etatisquamquinquagintaanaorumluerat,

207 769 284 824 Petri
307 768 386 825 ducis
408 769 541 842 precibus
552 769 723 826 constrictus
751 770 947 825 commoratus
963 771 1016 826 cst.
1067 769 1185 842 quando
1201 771 1368 826 saecularem
1384 768 1517 842 deposuit
1530 768 1663 840 gloriam.

207 855 1018 931 Quemdumdomnusduxdignareiterationecoleretet
1103 860 1170 915 Post
1185 859 1265 930 eiq'us
1276 858 1433 914 discessum
1442 866 1476 900 ¹⁰²
1487 856 1584 914 vitalis
1595 861 1775 930 cognomento
1786 859 1842 914 Cau·

206 945 313 1002 sedulia
327 945 423 1002 divina
437 947 581 1020 colloquia
587 947 675 1003 simul
687 949 819 1019 agerent,
832 948 965 1018 expertus
975 949 1018 1002 ast
1068 947 1181 1016 dianus,
1191 946 1233 1002 vir
1243 947 1331 1004 totius
1342 946 1506 1020 prudentiae
1516 945 1699 1014 elbonitatis,
1708 945 1737 1002 in
1747 947 1842 1003 ducatus

207 1034 295 1094 abbas
310 1035 413 1092 ducem
436 1052 554 1108 prorsus
567 1038 685 1092 terrena
708 1035 920 1109 parvipendere
935 1034 1017 1091 habi·
1067 1037 1211 1093 honorem
1224 1036 1396 1108 subrogatus
1403 1035 1512 1106 estlan.
1523 1036 1598 1106 976).
1609 1034 1689 1100 Quod
1698 1034 1804 1091 audiens
1811 1037 1845 1092 u-

206 1125 326 1198 tamque
341 1124 517 1198 dignitatem
533 1141 592 1182 non
606 1123 774 1181 ambitionis
786 1123 880 1180 studio
890 1124 941 1179 sed
952 1122 1018 1179 sub·
1068 1125 1133 1180 talis
1148 1124 1321 1198 patriarcha,
1338 1123 1387 1197 qui
1408 1123 1485 1196 apud
1508 1124 1700 1180 veronensem
1711 1124 1844 1182 marchian

208 1211 835 1285 ditorumsotatioobtinere;injunxittamen
844 1211 897 1268 sibi
906 1211 1017 1269 dicens:
1069 1215 1249 1282 morabatur,
1264 1213 1294 1270 in
1304 1213 1454 1270 Venetiam
1469 1211 1599 1268 intravit.
1614 1210 1666 1277 Qui
1676 1229 1693 1268 a
1705 1212 1846 1269 duceinter·

207 1301 242 1358 Si
255 1302 295 1358 vis
304 1301 441 1374 perfectas
454 1317 518 1370 esse,
537 1300 658 1374 relinque
682 1301 814 1356 mnndum
830 1300 962 1373 Irajnsque
977 1300 1020 1355 a'-
1069 1304 1202 1378 pelletus,
1216 1319 1283 1360 eum
1298 1303 1356 1359 suis
1366 1302 1476 1359 nuntiis
1487 1301 1525 1359 ad
1542 1318 1646 1375 pacem
1659 1301 1731 1358 inter
1744 1301 1845 1374 impara-

206 1389 956 1461 qrittatisapicem,rtinrnonasterioDeoserciresestiaa.
970 1386 1021 1444 Cui
1070 1389 1848 1464 toremetVeneticoseonsolidandaml'eulonicampetiit

210 1476 280 1533 dux:
297 1476 423 1550 Baretta,
440 1477 552 1552 inquid,
560 1484 642 1552 paler
656 1485 682 1536 et
700 1496 765 1534 mee
782 1480 879 1533 anime
890 1477 1019 1545 lucrator,
1069 1482 1222 1554 regionem
1234 1488 1280 1550 ¹⁰⁸,
1291 1479 1848 1554 quoniamducisPetriinterfectioncau·

209 1582 314 1621 aninmo
329 1566 460 1623 auiditate
475 1569 526 1622 tuis
540 1569 651 1623 aaronitas
663 1567 845 1638 obtemperare
858 1566 954 1636 pretio.
967 1563 1022 1621 sec
1070 1570 1191 1626 modurn
1201 1569 1444 1626 iltosexecrabiles
1451 1585 1608 1642 exososque
1615 1566 1847 1637 habebat;llrmato

208 1653 348 1728 aliquanti
360 1657 693 1730 temperiespaeicmroqo,
704 1657 811 1711 interim
827 1671 915 1710 meam
931 1653 1020 1725 sacnt—
1070 1661 1168 1715 aulam
1192 1656 1291 1714 ledere
1314 1657 1351 1714 ad
1373 1657 1490 1730 propria
1513 1673 1645 1712 reversus
1657 1660 1707 1712 est.
1720 1655 1849 1711 Pradictns

211 1746 292 1800 tatem
306 1743 443 1815 disponere
458 1760 565 1818 queam.
579 1742 688 1801 ¹Postea
715 1758 776 1799 aero
802 1745 831 1799 in
856 1742 1020 1799 monasterio
1036 1731 1197 1820 Bnamque
1204 1746 1260 1803 dux
1269 1746 1414 1819 corporali
1423 1745 1558 1802 molestia
1567 1744 1730 1818 ingruente,
1739 1746 1849 1817 quattuor

100 1821 106 1842 ‘
202 1833 302 1905 ¹tuique
325 1834 462 1904 regiminis
490 1833 598 1890 vinculo
620 1833 784 1902 summisere,
819 1832 876 1889 Deo
901 1832 1019 1889 militare
1070 1836 1171 1893 diebus
1190 1839 1349 1908 antequam
1375 1835 1465 1892 vitam
1485 1838 1652 1908 presentem
1668 1832 1849 1889 determinaret

209 1923 298 1993 eripio.
316 1921 363 1977 tiis
378 1921 498 1997 quidem
514 1921 724 1994 determinatis,
748 1925 858 1978 certam
872 1921 950 1978 diem
972 1920 1022 1976 de·
1069 1925 1245 1994 monachum
1260 1923 1324 1980 fleri
1339 1926 1369 1980 et
1382 1923 1419 1980 ad
1432 1923 1522 1979 saneti
1536 1923 1615 1980 illari
1627 1920 1849 1978 monasteriamse

210 2013 373 2081 creverunt,
389 2027 461 2084 quas
475 2011 565 2068 abbas
574 2010 775 2068 Veneriamad
791 2009 917 2066 eundem
931 2008 1019 2064 susci·
1069 2013 1175 2069 deterri
1183 2013 1339 2086 promovit.
1348 2012 1574 2069 Praetuitautem
1584 2008 1849 2068 veneticorumduca·

212 2097 351 2172 piendum
364 2099 569 2172 reciprocaret.
583 2101 662 2156 Tunc
683 2103 802 2172 accepta
828 2098 958 2166 licencia,
982 2096 1020 2153 ad
1068 2102 1202 2158 tuianno
1217 2118 1276 2159 uno
1301 2101 1507 2174 mensibusque
1529 2101 1653 2170 duobus,
1666 2099 1850 2168 tumulatusque

210 2203 295 2243 suum
311 2187 521 2244 monasterium
532 2187 691 2262 repedavit.
701 2187 869 2243 Autodielus
881 2203 948 2243 vero
963 2187 1020 2242 dux
1070 2195 1112 2248 est
1123 2191 1153 2248 in
1169 2192 1274 2249 eodem
1291 2190 1469 2248 monasterio
1486 2191 1542 2263 (an.
1560 2191 1634 2264 aar).

211 2275 436 2347 ceptempatrire
444 2277 567 2333 salutem
576 2277 685 2333 sollerti
693 2275 787 2332 studio
796 2291 1019 2349 procurarenon
1107 2280 1199 2346 Quem
1212 2280 1357 2336 Tribunus
1366 2283 1564 2352 cognomento
1577 2289 1611 2324 ¹⁰⁴
1621 2278 1726 2336 ldenius
1735 2275 1850 2348 dignitate

212 2363 305 2433 dtsiils
318 2365 385 2421 1ῑοοῑ
400 2365 551 2439 ᾶίὶφῑῦὓῑὶ,
566 2382 691 2439 qt¹⁰rum
703 2365 834 2433 consilio,
846 2364 1019 2429 addiximus,
1070 2369 1214 2437 successit,
1231 2369 1290 2442 qui,
1299 2369 1365 2425 licet
1376 2369 1504 2425 seculari
1511 2369 1642 2426 sollertia
1653 2369 1768 2434 careret,
1780 2363 1851 2420 mari

211 2452 376 2522 patriarcha
386 2454 595 2526 imperatorem
606 2453 687 2521 adiit,
699 2469 748 2508 sue
759 2452 860 2509 ditioni
872 2468 1020 2526 perversos
1070 2459 1126 2515 mis
1140 2463 1240 2515 lamen
1253 2458 1378 2514 fortunae
1388 2457 1477 2531 copiis
1493 2458 1680 2515 exuberabat.
1689 2452 1850 2528 Temporibus

212 2546 410 2616 repugnantes
422 2542 617 2612 allicerentur,
633 2543 706 2600 adeo
717 2547 838 2600 utsuam
852 2543 942 2600 vitam
956 2561 1019 2599 cru·
1070 2542 1851 2621 cujusaureaVenatianonnullisignominiorumpcricu-

214 2631 272 2687 deli
284 2631 387 2688 funere
401 2633 523 2705 perdere
534 2633 718 2689 molirentur.
732 2631 930 2689 'lamentante
941 2632 1021 2689 boni·
1070 2636 1104 2693 lis
1115 2637 1322 2694 deshonestata
1335 2635 1520 2707 est.Contigit
1530 2640 1632 2692 autem
1642 2633 1852 2691 utVeneticoruu

213 2720 282 2777 talis
296 2723 326 2776 et
338 2720 436 2778 divine
450 2721 562 2778 virtutis
574 2721 671 2794 gratia
685 2721 810 2794 vigebat,
837 2725 868 2777 ut
884 2720 1022 2800 quicquid
1070 2725 1197 2797 maJ'ores
1206 2722 1341 2797 primitus
1352 2722 1566 2779 contraducem
1575 2722 1694 2779 insidias
1704 2719 1851 2778 demoliren-

212 2809 268 2883 ipsi
282 2811 493 2868 deseclanculo
504 2811 604 2885 iniqua
615 2810 830 2868 machinatione
844 2811 1020 2867 determina·
1069 2815 1128 2882 tur,
1139 2811 1245 2870 deiude
1258 2812 1335 2869 inter
1349 2828 1410 2868 sese
1422 2810 1546 2868 invicem
1571 2809 1741 2868 discidentes
1752 2805 1852 2864 vicissim

213 2903 289 2969 rent,
306 2901 424 2958 nemine
433 2901 591 2974 indagante
601 2905 799 2974 cognosceret,
813 2900 942 2973 nullique
953 2898 1021 2956 resi·
1071 2900 1205 2958 odiorum
1215 2900 1350 2974 nequitiis
1360 2899 1575 2958 inliciebantur.
1587 2901 1700 2956 Interea
1713 2898 1782 2954 inter
1793 2895 1853 2950 dau-

213 2988 311 3046 slentii
330 2989 447 3062 aliquod
469 2990 580 3062 nephas
602 3004 824 3063 recompensare
843 2988 941 3057 voluit,
970 2987 1022 3044 sed
1070 3005 1192 3046 recenos
1207 2984 1852 3062 etCotoprinos,Venetiaeproceres,marimum

214 3094 290 3153 equo
299 3078 398 3136 animo
407 3077 456 3134 nei
466 3077 1019 3135 timoraomniatollerandesustinebat.
1034 3049 1059 3110 G
1067 3079 1199 3152 Jurgium
1216 3078 1347 3133 exortum
1359 3080 1415 3146 est;
1428 3077 1501 3133 adeo
1512 3080 1544 3131 ut
1559 3077 1696 3132 Staienus
1709 3071 1853 3144 coloprinos

213 3168 292 3223 tuter
303 3167 358 3223 hec
371 3169 479 3224 statuta
491 3167 537 3222 die
549 3166 707 3240 prelibatus
718 3167 807 3222 abbas
826 3166 863 3222 ad
869 3165 1022 3222 Venetiam
1071 3183 1138 3223 cum
1152 3165 1279 3222 liliorum
1292 3169 1322 3221 ot
1335 3167 1491 3239 parentum
1505 3165 1649 3233 allnitate,
1657 3161 1779 3236 predicti
1793 3157 1854 3214 ducis

214 3273 345 3312 reversus
368 3260 421 3324 est,
437 3273 472 3312 ea
492 3256 642 3313 occasione
662 3273 719 3329 quo
742 3256 963 3314 Hierosolimam
979 3256 1021 3312 ire
1071 3269 1212 3311 consensu
1223 3251 1511 3327 etvirtute,quadam
1523 3252 1569 3308 die
1582 3253 1612 3308 in
1624 3246 1853 3310 btaurocenossbe

214 3345 366 3418 uellel(an.
383 3345 456 3417 976).
469 3343 561 3410 Quem
575 3344 874 3401 Patrusduxlibcnter
885 3345 1020 3418 suscepit,
1071 3343 1173 3400 tendes
1186 3342 1380 3414 insurgerent.
1401 3341 1457 3398 Sed
1476 3341 1527 3396 Dei
1543 3341 1649 3398 virtute
1665 3340 1746 3412 hrrjus
1758 3331 1854 3410 periculi

215 3431 1021 3506 etprimanoctedieiKalendarum28eplembriarumipse
1072 3430 1852 3504 flagitiumprovidiomneseuadendilacultatemconse·

216 3537 276 3577 una
286 3537 352 3576 cum
363 3520 494 3577 iohanne
509 3520 670 3577 Gredonico
681 3536 795 3576 necnon
806 3521 1021 3577 lohanneldau·
1072 3519 1130 3575 cuti
1141 3523 1218 3574 sunt.
1235 3520 1312 3574 Unus
1327 3522 1426 3574 tamen
1453 3519 1581 3588 illorum,
1608 3519 1637 3574 id
1659 3521 1701 3575 est
1716 3512 1853 3572 Dominicus

215 3608 325 3678 recent,
336 3625 388 3666 suo
399 3607 812 3682 videlicetgenero,nescienta
824 3625 912 3666 uxore
929 3610 1023 3665 attilio
1073 3607 1228 3666 btaurecini
1243 3607 1383 3664 innocens
1397 3606 1427 3663 in
1442 3608 1533 3663 sancti
1546 3609 1625 3664 Petri
1640 3603 1794 3664 Olivetensis
1804 3599 1853 3654 loro

217 3697 409 3771 omnibusque
419 3697 680 3767 fidelibus,occulte
693 3698 730 3755 de
750 3697 871 3755 Venetia
882 3698 1022 3754 exierunt.
1075 3699 1209 3754 detentus
1224 3699 1254 3753 et
1268 3696 1428 3752 diutissime
1442 3697 1585 3752 laceratus
1598 3701 1653 3754 est.
1673 3696 1753 3766 Cipus
1772 3702 1853 3758 corpas

217 3786 272 3852 oui
286 3802 346 3844 non
366 3788 466 3860 procul
484 3787 606 3844 esancti
632 3787 718 3844 illarii
745 3787 921 3844 monasterio
936 3803 1025 3861 equos
1076 3787 1198 3860 turpiter
1216 3785 1396 3842 denudatum
1406 3783 1577 3840 semivivum
1593 3784 1630 3841 ad
1641 3773 1853 3840 sanetiZaclnrie

217 3876 414 3946 assendentes,
422 3877 486 3949 jam
502 3875 628 3932 detonsis
642 3875 738 3932 barbis
750 3873 927 3933 velocissimo
942 3891 1026 3932 cursu
1076 3875 1286 3932 monasterium
1303 3889 1390 3945 parra
1402 3873 1488 3928 lintre
1498 3872 1627 3929 delatum
1647 3875 1698 3930 est.
1710 3871 1821 3939 Cumque
1830 3861 1851 3917 ir

217 3966 293 4023 viam
310 3982 428 4040 carpere
438 3969 587 4040 ceperunt,
607 3965 761 4022 intantum
772 3967 802 4022 in
813 3966 958 4022 terciadie
970 3966 1027 4022 ltc-
1077 3951 1853 4036 ecelesiapositumacircumstautibusparentibusdeple

218 4055 420 4114 diotanensam
430 4072 529 4112 ruram
544 4055 600 4130 (85)
612 4057 806 4126 transeuntes,
820 4055 1027 4127 vergelensem
1077 4053 1202 4119 raretur,
1212 4049 1288 4105 inlra
1298 4050 1422 4106 duarum
1431 4065 1550 4106 orarum
1560 4049 1653 4123 spatia
1668 4042 1853 4112 vitatemdepc-

217 4145 322 4202 urbem
333 4147 392 4216 (Bt)
407 4143 618 4218 conspicerent.
634 4143 774 4216 Sequenti
784 4159 850 4199 vero
861 4141 906 4200 die
917 4141 1029 4198 Veneti·
1078 4139 1134 4195 suit
1146 4137 1281 4194 halitum.
1298 4137 1384 4211 Cujus
1405 4154 1484 4194 mors
1506 4137 1564 4194 suis
1577 4137 1734 4195 maximum
1748 4132 1852 4190 dolorem

218 4249 318 4290 corum
336 4232 435 4308 populi
449 4232 597 4306 perditum
615 4235 762 4305 pastorem
772 4231 931 4304 conquaesti
947 4235 1026 4300 sunt3
1077 4226 1205 4295 induxit;
1222 4226 1294 4284 adeo
1304 4225 1380 4283 atad
1389 4226 1444 4282 hoc
1454 4227 1545 4282 scelus
1559 4226 1751 4283 ulciscendum
1759 4219 1853 4292 oporte·

219 4337 308 4396 quem
331 4321 454 4378 minima
477 4320 665 4394 reperientes,
692 4319 819 4376 marimo
842 4308 1065 4376 tabescebaotD
1079 4332 1149 4372 uum
1162 4317 1349 4388 expectarent
1359 4317 1486 4389 tempus.
1499 4314 1648 4372 Circahaec
1657 4311 1787 4388 siquidem
1796 4309 1852 4360 tem·

220 4409 517 4481 detoral'uitnempe
525 4425 685 4483 pauperum
696 4408 832 4476 nutritor,
843 4407 1029 4465 eeclesiarum
1077 4421 1150 4479 pora
1163 4405 1306 4461 secundus
1320 4405 1394 4462 Otho
1408 4405 1569 4478 imperator
1580 4405 1618 4461 ad
1631 4404 1737 4461 ltaliam
1749 4395 1852 4456 veniam

220 4501 377 4563 recreator,
389 4497 560 4555 clericorum
576 4497 1025 4566 almonachorumtauctor,om·
1078 4493 1281 4550 veneticorum
1295 4493 1377 4549 ledus
1395 4494 1432 4550 ob
1455 4494 1533 4550 Petri
1550 4492 1689 4550 Candiani
1703 4488 1774 4546 ducis
1785 4484 1851 4540 fuum

219 4587 362 4661 albusque
384 4586 544 4647 benivolus.
570 4588 611 4644 De
632 4585 690 4643 suis
712 4587 830 4660 quidem
846 4585 1029 4644 facultatibus
1079 4571 1841 4664 disrumperecouatusest.Adquem'lribunuspredicta

220 4675 301 4733 mille
317 4675 619 4732 libraramnumcrum
631 4675 1028 4732 adtleneticorumsolatiain
1079 4672 1135 4728 dur
1159 4687 1225 4728 sues
1245 4671 1442 4727 internuntios
1463 4671 1594 4742 mittens,
1617 4687 1682 4728 eum
1700 4668 1853 4742 placarcelts

219 4763 328 4839 palatio
338 4763 463 4838 largivit,
479 4763 549 4820 alias
564 4764 643 4820 mille
655 4763 686 4820 in
699 4780 861 4837 pauperum
875 4763 1029 4821 alimonias
1079 4760 1249 4817 muneribus
1263 4759 1382 4816 studuit.
1407 4760 1486 4817 Paeti
1511 4760 1601 4816 etiam
1614 4757 1788 4832 scriptionem
1800 4751 1852 4802 tunt

221 4853 358 4923 contulit;
372 4851 402 4910 in
415 4852 506 4910 macti
516 4852 602 4910 ltarci
613 4852 703 4909 altere
714 4852 843 4909 tabulam
853 4852 929 4908 miro
941 4868 1029 4925 opere
1078 4837 1852 4923 Veronaeducisaoquepopulorenovatamperpctualilcr

222 4945 387 5016 exurgente
408 4951 443 4988 ¹⁰¹
457 4947 486 5000 et
506 4960 577 5002 auro
592 4941 870 5016 Constantinopolim
889 4957 1028 5015 peragere
1079 4939 1116 4998 ad
1130 4938 1299 4997 habendum
1312 4937 1432 4994 indulsit
1442 4939 1509 5010 (87).
1522 4938 1630 4995 Dehinc
1641 4937 1851 4998 Ravennamper·

875 5063 994 5120 vitale:
1019 5060 1220 5120 LECTIONES.

260 5159 295 5197 ¹⁰¹
310 5170 343 5210 ar
365 5171 402 5213 en
415 5157 441 5210 l.
498 5161 533 5198 ¹⁰¹
546 5167 683 5227 suprascr.
696 5169 781 5208 mann
803 5166 857 5210 rec.
877 5151 1034 5209 metxxvl.
1091 5161 1126 5196 ¹⁰⁸
1136 5167 1162 5209 r.
1177 5150 1393 5226 suprascriptam
1409 5154 1434 5207 l.
1491 5159 1526 5196 in
1551 5148 1719 5226 suprascript.
1746 5157 1779 5201 m.
1807 5143 1847 5188 stt·

221 5221 332 5290 {X‘ffl
356 5228 389 5283 tt.

986 5311 1101 5373 NOTAE.

257 5402 695 5478 (remuneratoremque,
711 5401 867 5466 dioeceseos
882 5403 1030 5478 Perpinia·
1127 5403 1172 5476 86)
1187 5397 1318 5461 vercelli.
1761 5461 1766 5475 ,
1841 5467 1845 5480 ¹

221 5475 324 5534 censis.
1128 5477 1174 5548 87)
1191 5473 1352 5533 auetorrei
1365 5475 1454 5548 gestae
1474 5473 1579 5532 seriem
1599 5472 1732 5530 invertere
1746 5457 1848 5520 videm.

257 5547 313 5626 (⁸5)
327 5548 394 5623 Rus,
410 5549 531 5614 anem.
1080 5545 1145 5608 olto
1159 5545 1255 5626 primo
1270 5545 1395 5632 adianto
1407 5547 1553 5630 yeronam
1563 5561 1631 5625 ann,
1645 5544 1694 5606 980
1707 5549 1794 5608 menie
1804 5527 1849 5589 ae
