3862 6170
211 297 265 356 err
775 269 909 372 smoilu
922 283 1337 344 uousommomsonusis
1788 303 1829 360 52,

216 415 282 473 tion
295 415 331 473 de
346 414 375 472 S.
393 412 524 481 vincent,
538 415 623 469 etun
639 412 720 467 outre
730 427 778 467 sur
791 412 834 467 les
848 409 979 466 mirocles
988 411 1057 472 deA
1077 409 1196 468 Aimoin
1213 410 1248 466 de
1262 407 1552 466 Sciet-Germeindes
1563 409 1627 468 erus
1639 413 1655 466 t
1665 413 1830 493 quiilseppar.

220 503 250 561 S.
267 503 406 560 Germain
419 504 455 558 de
470 500 559 557 Paris.
581 499 647 557 bleis
667 499 702 554 ils
717 517 753 555 ne
768 499 807 556 lui
826 502 879 555 ont
896 498 947 554 luit
965 498 1025 554 l'el-
1078 498 1220 557 tiennent.

221 592 362 650 tribution
388 591 423 647 de
444 606 490 647 ces
513 589 597 647 ecrite
612 589 697 662 qu'en
713 590 739 644 le
760 587 939 646 confundant
957 607 1025 646 avec

803 765 1833 1090 ΙΙΜΟΙΓ

405 1201 956 1370 HISTORIAE
1008 1202 1685 1404 FRANGORUM

722 1484 953 1608 niem
996 1482 1405 1626 oonruou

375 1717 471 1794 (spuo
485 1719 631 1777 Andreum
646 1721 803 1789 Dotenses,
816 1719 947 1776 Hr'storiae
961 1719 1134 1777 Francorum
1147 1721 1293 1792 Scriptores
1313 1721 1449 1788 coutuoci,
1464 1723 1535 1777 tom.
1551 1721 1598 1788 ΙΙΙ,
1619 1734 1684 1791 pag.
1700 1715 1733 1791 l.)

533 1876 1557 2155 senonicensem

788 2251 823 2290 ΔΙ)
837 2251 963 2290 eunoun
978 2251 1100 2290 sunere!
1127 2251 1326 2292 rtoulncultseu

354 2375 416 2463 IN
463 2373 689 2464 LIBRUM
717 2375 794 2464 DE
823 2369 1016 2464 GESTIS
1039 2375 1398 2468 FRANCORUM
1432 2378 1730 2468 EPISTOLA.

956 2537 1142 2550 *-

261 2654 387 2712 Domino
402 2653 561 2712 venerabili
577 2658 606 2710 et
620 2654 649 2712 in
670 2655 774 2712 Christi
794 2654 946 2713 dilectione
965 2655 1065 2716 iun-B
1079 2657 1276 2729 partiri.Quos
1286 2659 1582 2717 eacontexuiretione
1596 2664 1630 2716 ut
1642 2671 1864 2733 sequenssemper

228 2745 307 2813 doto,
322 2745 428 2800 Annuus
447 2744 555 2812 ubbeti,
576 2743 663 2801 totius
681 2745 779 2818 gregis
792 2744 862 2801 illie
879 2745 936 2801 lleo
952 2760 1029 2800 eom·
1078 2747 1208 2820 priorem
1224 2748 1384 2819 quantitate
1400 2748 1442 2804 sui
1453 2751 1615 2805 etnumero
1625 2764 1726 2820 regum
1736 2749 1863 2800 transcen·

227 2831 307 2888 missi
318 2831 458 2889 minimus
469 2833 617 2904 Aruosuus,
632 2836 779 2906 perpetue
794 2849 900 2889 munus
912 2833 1029 2890 ielicits-
1080 2835 1163 2890 deret
1179 2852 1185 2890 :
1203 2835 1282 2890 verbi
1297 2836 1401 2908 gretia,
1414 2837 1509 2908 primo
1520 2836 1692 2892 continente
1703 2834 1820 2907 quinque
1833 2847 1866 2884 re

227 2921 272 2978 tis.
1080 2939 1149 2996 gum
1166 2926 1262 2991 uctus3
1279 2925 1631 2994 secundusoontinetsex;
1646 2924 1747 2979 tertius
1758 2924 1865 2982 sentem3

262 3010 414 3084 Proeceptis
441 3011 630 3068 beatitudinis
654 3016 723 3080 tuce,
747 3011 911 3068 beatissime
933 3014 1029 3079 Pater,
1080 3015 1200 3085 quartus
1214 3029 1282 3069 vero
1299 3016 1363 3068 octo
1380 3017 1453 3070 uteo
1469 3014 1603 3086 emplius.
1617 3011 1799 3083 Genealogles
1810 3023 1867 3080 quu-

226 3101 618 3175 psrui,quibuspraeceperes
629 3105 668 3170 ut,
676 3101 857 3174 ingeniolum
869 3101 1029 3156 exercendo
1082 3116 1138 3172 que
1152 3117 1268 3173 regum,
1285 3119 1349 3174 ques
1366 3107 1487 3177 propter
1510 3103 1716 3159 similitudines
1736 3097 1868 3155 nominum

227 3207 337 3259 meum,
354 3191 432 3264 quod
447 3190 593 3247 tribuente
608 3189 720 3246 Christo
739 3207 792 3264 per
811 3193 868 3244 tuce
893 3188 1030 3246 sollicitu·
1081 3190 1164 3245 uelde
1176 3190 1304 3246 confosse
1325 3195 1420 3258 erunt,
1441 3196 1551 3264 quanta
1570 3192 1655 3263 potui
1671 3185 1870 3262 diligentindis·

228 3279 303 3336 dinis
312 3283 488 3352 tuorumque
504 3277 1031 3351 discipulorumleboremudmeliora
1083 3279 1164 3346 tinxi,
1189 3297 1428 3353 unumquemque
1453 3282 1495 3336 vel
1521 3281 1613 3355 petris
1637 3280 1766 3346 nomine,
1779 3277 1818 3330 rel
1831 3275 1871 3328 Se·

230 3366 383 3440 proiecisse
393 3365 589 3434 arbitraberis,
601 3382 648 3422 res
656 3367 751 3439 gestes
761 3365 855 3439 gentis
864 3365 921 3420 sive
929 3380 1032 3438 regum
1084 3367 1174 3424 nioris
1186 3367 1346 3424 iunior-isse
1356 3369 1597 3440 appellationeeb
1609 3371 1702 3424 altero
1715 3366 1873 3437 distinguens

230 3457 417 3523 Francorum,
434 3471 498 3526 quae
509 3458 538 3510 et
549 3470 604 3526 per
628 3455 755 3511 diversos
769 3471 876 3528 spersse
890 3453 989 3522 libros,
1005 3457 1034 3509 et
1084 3456 1335 3528 quemadmodum
1351 3456 1476 3530 diligens
1489 3457 1624 3513 lectorio
1640 3458 1699 3512 suis
1711 3453 1873 3512 animadver-

229 3543 338 3599 inculto
355 3546 438 3597 erant
450 3558 585 3598 sermone
600 3541 762 3614 descriptio,
774 3542 805 3598 in
817 3542 903 3598 unius
917 3542 1033 3615 redige·
1085 3547 1147 3600 tere
1158 3546 1253 3617 potest
1267 3545 1348 3600 locis.
1364 3545 1395 3600 ld
1405 3545 1549 3618 praecipue
1564 3559 1740 3603 conservare
1752 3541 1838 3598 eurevi
1851 3540 1875 3591 ut

232 3647 297 3688 rem
307 3646 411 3702 eorpus
423 3629 563 3702 opusculi,
580 3647 613 3686 ue
625 3630 662 3687 ed
688 3630 920 3688 emendatiorem
942 3631 1036 3686 latini·
1085 3630 1115 3688 in
1129 3632 1320 3689 omnibushis
1330 3633 1411 3688 libris
1422 3633 1626 3690 mentiolleret
1641 3632 1787 3690 Benedicti
1800 3625 1876 3684 Patris

232 3719 301 3776 tetis
312 3735 478 3776 revocarem
491 3719 628 3776 formem.
639 3720 732 3776 Institi
745 3719 833 3793 igitur
849 3724 881 3775 ut
894 3719 986 3792 potui,
996 3723 1037 3798 at·
1086 3720 1173 3776 certis
1186 3738 1219 3777 ex
1233 3722 1335 3790 causis,
1350 3721 1395 3776 cui
1412 3739 1466 3795 ego
1481 3739 1580 3778 meum
1598 3723 1684 3792 scire,
1700 3737 1794 3777 meum
1809 3729 1877 3791 posse

234 3826 290 3882 que
302 3809 414 3864 utinum
428 3812 488 3864 tem
502 3807 658 3865 elllouciter
672 3825 760 3882 quem
781 3809 906 3865 libenter
923 3807 929 3863 l
945 3809 1035 3864 Porro
1087 3826 1245 3883 meumque
1265 3809 1359 3865 vivere
1380 3814 1445 3882 post
1464 3811 1556 3866 Deum
1579 3805 1877 3886 sermionense

212 3920 214 3928 ’
234 3899 271 3956 dc
285 3899 379 3972 Opere
403 3901 452 3954 tue
465 3898 624 3971 paternitas
637 3897 742 3954 viderit
760 3902 876 3954 rectene
897 3915 934 3952 nn
956 3913 1036 3953 secus
1088 3898 1191 3972 ignoro
1202 3900 1310 3955 multos
1320 3898 1382 3954 lore
1392 3899 1546 3972 qui,solitn
1558 3899 1684 3956 libidine
1700 3898 1828 3956 omnilms
1839 3893 1878 3948 de-

234 3987 356 4062 egerim.
367 3988 427 4060 Ego
442 3990 541 4043 eutem
555 3986 825 4044 soliusobedientiee
835 3985 870 4058 (si
883 3989 982 4042 tamen
991 3955 1068 4042 tio-C
1088 3986 1303 4055 trahendi,huic
1313 3987 1452 4044 volumini
1462 3988 1624 4061 genuinum
1632 3987 1877 4060 inligantdentem.

234 4079 345 4134 luntste
361 4079 523 4150 conatuque
536 4093 603 4133 eum
618 4075 759 4148 decoravit
785 4075 952 4132 testimonio
968 4091 1036 4131 con·
1089 4075 1172 4139 Quod
1186 4074 1276 4131 vilere
1292 4093 1350 4132 non
1360 4076 1539 4147 poterit,nisi
1551 4077 1602 4150 qui
1613 4077 1689 4134 nihil
1702 4067 1881 4133 omninosori·

235 4169 332 4223 tentus
347 4182 422 4222 sum.
438 4165 658 4222 Admonitionis
672 4165 769 4238 itaque
788 4167 845 4220 tues
861 4180 920 4221 non
933 4163 1036 4218 imme·
1088 4163 1498 4222 betdslumniebunturenim
1512 4169 1662 4238 tempore,
1675 4164 1882 4222 convertentur·

237 4271 313 4324 mor,
322 4271 380 4327 que
388 4253 544 4327 sepissime
556 4255 688 4311 hortatus
698 4270 728 4309 cs
740 4257 773 4309 nt
782 4252 1038 4308 situmGermaniae
1089 4251 1200 4320 dinem,
1211 4269 1258 4308 res
1266 4257 1399 4325 urguent,
1410 4253 1533 4326 syllabas
1542 4255 1756 4322 eventilabunt,
1767 4253 1795 4308 et
1806 4243 1882 4322 (quud

237 4345 282 4400 vel
294 4343 402 4412 Gellloe,
417 4343 446 4398 in
457 4343 559 4416 quibus
569 4344 703 4416 hoeeqnae
713 4343 948 4399 referenturectu
961 4345 1038 4411 sunt,
1090 4340 1222 4396 accidere
1234 4342 1407 4414 plerumque
1426 4341 1508 4412 solet)
1529 4341 1748 4414 negligentiam
1766 4335 1882 4395 librario·

238 4450 298 4489 non
311 4430 578 4506 pretermitterem,
597 4447 632 4487 ea
647 4448 711 4504 quae
726 4431 757 4488 in
771 4431 936 4488 auctoribus
954 4430 1038 4500 lulio,
1089 4445 1155 4484 rum
1169 4429 1205 4485 ed
1218 4430 1366 4484 auctorem
1379 4429 1518 4484 referent.
1530 4429 1637 4485 Dicent
1647 4430 1752 4486 obem:
1765 4451 1780 4480 n
1794 4429 1832 4482 En
1844 4439 1884 4479 uo·

239 4521 331 4578 Plinio
342 4536 376 4576 ec
386 4519 486 4576 Orosio
495 4520 625 4576 invenire
634 4520 715 4594 potui
731 4521 880 4592 colligens,
889 4519 956 4576 huic
969 4535 1040 4591 opu·
1093 4520 1151 4573 ster
1163 4516 1413 4590 historiographus
1429 4533 1575 4590 novusque
1586 4522 1693 4574 auctor
1713 4519 1763 4591 qui
1777 4517 1884 4571 eliorum

239 4610 316 4667 sculo
327 4609 481 4664 inserendo
491 4608 633 4664 voluntati
639 4608 824 4665 sublimitatis
832 4613 888 4666 tuse
899 4608 1042 4664 satisfece-
1092 4602 1185 4663 verbis
1198 4621 1250 4679 pro
1262 4605 1320 4661 suis
1333 4605 1432 4662 utitur.
1443 4625 1458 4658 s
1468 4607 1527 4662 lloc
1538 4605 1659 4678 quidem
1676 4605 1827 4662 melocisse
1836 4615 1885 4655 non

238 4715 270 4754 re
284 4696 472 4754 commodum
488 4697 565 4753 duxi.
582 4696 629 4752 His
645 4696 733 4770 igitur
747 4697 865 4769 adjunxi
875 4715 940 4771 quae
953 4696 1042 4752 Julius
1093 4710 1168 4767 nego
1182 4709 1276 4766 neque
1299 4711 1347 4750 me
1362 4695 1393 4750 id
1406 4694 1501 4766 niget;
1518 4711 1550 4751 uc
1564 4695 1674 4752 deinde
1691 4697 1831 4751 lucturum
1845 4705 1886 4742 eu·

240 4787 275 4844 de
288 4785 850 4859 GermanorumGallorumquemoribus
861 4803 894 4842 nc
904 4785 1042 4842 institutis
1093 4787 1186 4840 tumo.
1205 4783 1300 4839 llsbeo
1312 4784 1456 4840 bonorum
1472 4786 1654 4856 exemplum,
1670 4802 1729 4858 quo
1747 4781 1815 4838 mihi
1828 4777 1853 4832 id
1863 4775 1888 4829 li·

238 4876 268 4932 in
282 4875 356 4932 libro
367 4891 424 4932 suoe
433 4875 729 4932 interseritllistoriee.
741 4877 784 4932 Ab
797 4892 913 4949 egressu
926 4890 1042 4948 quoque
1093 4889 1158 4929 cere
1171 4873 1266 4930 lucere
1281 4873 1360 4945 quod
1373 4873 1412 4928 illi
1428 4873 1560 4930 iecerunt
1571 4878 1656 4948 puto.
1673 4875 1733 4930 Nec
1754 4865 1890 4928 sententiis

239 4965 416 5020 Francorum
432 4964 547 5036 el'roju
560 4980 650 5038 usque
663 4965 700 5021 ed
710 4965 741 5022 id
752 4964 955 5037 temporisque
965 4961 1042 5034 Pipi·
1094 4962 1310 5018 detrahentium
1324 4962 1392 5017 sutis
1410 4978 1546 5019 moveor:
1568 4967 1619 5018 tus
1635 4963 1725 5019 leude
1738 4961 1781 5016 vel
1796 4959 1890 5028 vitupe—

240 5071 293 5110 nus
307 5053 401 5126 lingui
424 5053 517 5110 Geruli
539 5057 624 5127 peter
650 5070 773 5127 regnare
796 5052 891 5126 coepit,
908 5055 1042 5108 cunctam
1094 5050 1206 5107 ratione
1220 5051 1320 5107 doctus
1333 5067 1394 5106 esse
1406 5050 1652 5120 sufficiensvue,
1663 5053 1751 5108 Peter
1763 5062 1891 5104 reneren-

238 5159 337 5200 rerum
350 5145 497 5215 gesturum
511 5142 617 5200 seriem
631 5142 661 5198 in
678 5146 803 5216 quatuor
816 5139 929 5198 decrevi
944 5139 1043 5198 libros
1094 5139 1140 5208 de,
1157 5144 1187 5196 et
1201 5138 1346 5213 prosperis
1360 5139 1396 5194 ed
1407 5141 1474 5195 eote
1487 5138 1665 5195 successibus
1689 5141 1778 5212 polle.

770 5355 890 5429 Explicit
904 5353 1012 5428 eps'stolo
1027 5353 1063 5410 od
1076 5353 1213 5412 didonem
1227 5354 1358 5410 abbatem.
