3932 6174
106 350 145 415 lte
718 351 918 412 OERONIGON
930 350 1103 412 vetetur.
1691 359 1743 422 iit

104 472 174 532 nichil
189 470 246 532 dux
260 467 287 532 ei
305 467 418 548 exigere
438 467 546 544 rolens,
562 471 617 532 uisi
638 475 673 532 ut
697 472 921 540 eeclesiarumA
934 474 1015 547 regia
1030 476 1120 543 ortus,
1134 489 1294 548 regnorum
1310 471 1366 529 rite
1393 471 1516 546 suscepit
1539 472 1674 536 diadema
1685 479 1742 552 (nu.

99 579 198 620 sumum
212 581 263 620 seu
275 565 408 622 omnium
420 565 623 622 Veneticorum
646 565 749 638 predia
768 565 882 636 integre
936 566 1015 632 1002,
1030 565 1096 621 Jun.
1111 565 1150 636 0),
1167 580 1336 638 quenquam
1347 564 1503 631 Ardoinus,
1518 567 1632 622 comitis
1647 569 1743 626 Dado-

100 653 220 722 atratis,
242 653 272 709 in
296 656 372 710 statu
400 654 456 710 suis
483 655 663 727 temporibus
690 658 881 710 conservaret.
933 652 1074 720 nielllius,
1091 653 1166 723 apud
1182 653 1309 708 dicinum
1336 653 1510 726 quibusdem
1537 655 1743 727 Langobardo-

99 743 179 798 hltero
193 743 291 800 aulem
306 743 353 799 die
363 743 644 816 cumjmnredeundi
653 743 763 800 licitum
775 743 882 799 habere
933 758 999 796 rum
1012 741 1066 798 sibi
1077 741 1238 798 faventibus
1254 741 1338 814 regni
1351 758 1493 800 eoronam
1506 747 1669 819 usurparet.
1689 746 1743 804 Ta·

99 829 205 898 volebat,
228 829 405 888 diversarum
427 847 568 904 generum
589 831 713 888 fortunis
735 832 791 888 dux
815 848 883 888 eum
934 846 1002 885 men
1017 830 1134 886 illorum
1149 831 1244 901 major
1258 845 1325 902 pars
1343 829 1457 887 Henmei
1470 833 1548 906 regis
1574 835 1744 906 expectabat

96 935 236 974 munerare
246 919 506 992 voluit3quinichil
516 921 883 994 horumoontinarecupie-
934 918 1103 975 adventum.

95 1007 145 1074 bnt,
164 1007 281 1064 dicens:
307 1007 379 1063 illud
399 1010 469 1064 milti
494 1011 592 1065 crimen
615 1009 737 1065 inducere
757 1011 828 1079 nolo,
851 1029 884 1068 rte
968 1007 1053 1062 Anno
1067 1008 1184 1080 quidem
1200 1007 1409 1066 incarnationis
1430 1010 1632 1084 Redemptoris
1652 1017 1746 1074 nostri

93 1099 143 1170 qus
153 1095 308 1168 supraema
321 1103 347 1152 cr
359 1113 414 1152 oron
427 1100 515 1154 samir
524 1096 616 1154 Marci·
626 1105 720 1172 raeque
729 1098 885 1158 delectionis
934 1096 1211 1169 mitissimaquarto,
1224 1098 1526 1155 dueatusvsrodomni
1541 1103 1617 1158 Petri
1630 1104 1744 1164 Veneti·

91 1202 161 1242 ruuso
184 1199 225 1243 me
249 1186 302 1242 tue
324 1188 424 1244 emisse
450 1195 560 1243 asseret.
574 1187 682 1244 Tamen
709 1188 884 1262 importunis
934 1201 1035 1240 corum
1048 1201 1081 1241 ac
1100 1187 1329 1242 Delmationrum
1351 1187 1430 1242 ducis
1447 1187 1560 1246 decimo
1584 1191 1743 1264 iohannes,

92 1275 226 1332 coartatus
235 1274 379 1346 precibus,
395 1275 557 1332 eburneum
572 1276 661 1332 sedile
676 1293 743 1332 cum
757 1295 808 1333 suo
818 1278 883 1333 sub·
934 1275 1064 1346 ejusdem
1080 1274 1159 1331 ducis
1174 1276 1292 1348 egregia
1304 1277 1410 1349 proles,
1420 1277 1562 1349 genitoris
1576 1279 1692 1340 effeetus
1701 1287 1745 1341 est

90 1363 171 1432 sellio,
186 1353 240 1420 neo
255 1380 314 1425 uon
326 1367 498 1436 argenteum
511 1365 626 1438 siphum
641 1368 670 1421 et
686 1382 805 1422 meeum
816 1382 883 1422 raro
935 1379 1052 1419 consors
1068 1364 1219 1435 dignitate.
1234 1365 1326 1430 Quem
1360 1365 1429 1422 dum
1456 1368 1546 1423 tercia
1570 1370 1745 1428 atasoctaro

89 1453 232 1525 peractum
247 1468 335 1526 opere
350 1453 439 1521 douo,
455 1454 523 1511 lieet
535 1453 649 1526 inritus,
661 1454 781 1527 recepit.
795 1456 883 1512 Dato·
935 1451 1049 1507 decimo
1064 1467 1141 1507 anno
1156 1453 1302 1524 ephebum
1315 1452 1437 1522 foveret,
1453 1455 1593 1512 nimirum
1623 1463 1745 1532 paterno

88 1556 138 1612 que
149 1539 276 1609 obsculo,
291 1540 506 1598 lacrimantibus
516 1542 655 1615 utrisque,
667 1543 792 1616 separati
806 1547 881 1600 sunt.
934 1540 1052 1613 ingenio
1068 1546 1098 1596 et
1111 1541 1255 1612 probitate
1270 1542 1401 1615 vigebam
1419 1544 1467 1617 qui
1484 1545 1523 1616 pil
1534 1547 1744 1617 parentisadeo

88 1629 223 1688 ileciHnus
235 1629 378 1702 siqnidem
393 1634 423 1690 ct
436 1631 524 1688 ceteri
543 1631 680 1688 antedicti
695 1649 754 1688 non
770 1633 818 1689 illo
833 1634 885 1690 sed
934 1629 1137 1702 obtemperare
1151 1630 1265 1685 studeat
1277 1638 1312 1674 ¹²⁸
1327 1632 1399 1703 tlte)
1420 1633 1559 1703 moribus,
1585 1638 1617 1690 ut
1630 1636 1682 1691 sub
1697 1651 1747 1708 ge·

88 1719 170 1774 altero
190 1717 236 1774 die
254 1718 402 1776 licentiam
419 1724 621 1792 perceperunt.
637 1722 798 1794 imperator
818 1739 884 1786 com
936 1718 1012 1774 mino
1028 1718 1172 1791 regimine
1185 1719 1281 1774 omnis
1294 1720 1389 1792 patria
1403 1738 1462 1777 uno
1478 1727 1612 1779 maneret
1624 1723 1743 1782 leaders.

87 1807 192 1864 duobus
206 1809 321 1864 mutum
332 1811 361 1864 et
374 1809 506 1866 Johanne
519 1809 641 1866 macone
651 1810 747 1866 navim
761 1811 883 1880 intrans,
895 1801 920 1862 B
934 1807 1042 1864 Eodem
1051 1808 1599 1868 reroannoSarrscenorummullitudo
1612 1812 1749 1886 Apulien.

88 1894 241 1968 predictum
258 1897 367 1953 occulte
380 1895 411 1954 in
423 1901 509 1954 noete
524 1913 671 1970 regressus
684 1899 770 1954 estad
780 1916 883 1958 mona·
934 1896 1009 1954 sium
1025 1896 1097 1951 fines
1113 1896 1260 1964 invadens,
1272 1897 1430 1954 varensem
1445 1899 1602 1970 civitatem,
1615 1903 1665 1958 ubi
1677 1903 1743 1960 Gre-

90 1985 211 2043 sterium.
222 1986 304 2042 Mane
317 2001 384 2042 vero
397 2003 428 2042 se
440 1987 664 2060 prestolantibus
677 1989 775 2044 ridere
789 1988 883 2061 inopi·
935 1986 1034 2058 gorius
1047 1986 1205 2058 imperialis
1218 1989 1376 2058 catapanus
1391 1991 1517 2060 preerat,
1532 2005 1565 2045 ex
1577 1991 1745 2064 omniparte

91 2077 149 2128 nate
159 2073 279 2142 exibuit,
296 2077 325 2132 et
340 2075 507 2132 Rauennam
523 2091 589 2132 cum
603 2075 735 2151 prelibati
747 2077 885 2134 iohannis
935 2075 1084 2131 obsidione
1099 2075 1306 2131 circumdabat.
1317 2075 1745 2154 QuodaudiensPotruspropn·

92 2161 194 2218 huconi
209 2179 281 2220 nare
294 2178 465 2236 properans,
474 2165 509 2221 de
524 2165 644 2222 Venetia
656 2183 686 2222 se
700 2166 804 2221 reverti
820 2183 883 2222 om·
936 2165 999 2218 tens
1014 2163 1081 2230 dux,
1096 2165 1744 2240 prepararemarimamexpeditionemjussit.

92 2251 165 2308 nibus
173 2251 291 2325 prodiit.
302 2251 385 2318 Quod
400 2253 516 2310 dililcile
528 2255 883 2322 crederevolentes,amo·
935 2251 1089 2324 Sanctique
1103 2251 1248 2308 Laurentii
1275 2253 1304 2308 in
1327 2253 1471 2326 solempni
1486 2255 1533 2311 die
1548 2255 1634 2328 (Aug.
1651 2255 1695 2329 10)
1710 2259 1746 2315 de

93 2340 150 2396 dum
168 2341 323 2400 mirantum.
345 2343 406 2400 Dux
427 2342 524 2416 itaque
542 2359 661 2399 omnem
680 2343 883 2400 veneticorum
934 2340 1057 2396 Venecia
1076 2341 1184 2409 exiens,
1203 2341 1325 2398 eosdem
1351 2346 1568 2414 expugnaturus
1593 2361 1746 2418 aggressus

93 2432 222 2503 populum
233 2431 432 2503 posttriduum
443 2432 592 2506 inpalacio
602 2433 757 2489 convenire
770 2433 882 2490 indixit.
934 2433 987 2485 est.
1003 2428 1057 2494 Qui
1070 2433 1182 2486 rustum
1192 2445 1245 2502 per
1256 2445 1338 2486 mare
1359 2431 1530 2488 vellicando
1545 2436 1691 2490 terrarum
1706 2435 1747 2491 dl-

93 2517 136 2574 dui
154 2519 354 2591 hujuscemodi
370 2522 485 2593 gestum
506 2521 695 2594 patefaciens,
706 2539 766 2578 non
789 2524 885 2580 miuus
934 2535 1015 2574 versa
1030 2520 1177 2575 locadum
1197 2519 1343 2586 transiret,
1363 2521 1463 2576 octavo
1488 2521 1553 2577 idus
1569 2521 1748 2596 Septembris

91 2606 169 2666 fidem
185 2608 470 2683 imperatorisquam
488 2610 596 2683 pericia
618 2611 659 2666 sui
682 2611 803 2668 senioris
825 2614 883 2668 col·
934 2607 1021 2679 (Sept.
1031 2607 1059 2680 0)
1075 2607 1235 2679 predictam
1248 2610 1351 2664 urbem
1369 2609 1634 2683 appropinquabat.
1649 2609 1748 2670 Sarra·

92 2695 218 2754 laudabat
233 2697 317 2771 (tlt).
334 2699 402 2772 (Aa.
420 2699 499 2767 root,
511 2697 589 2754 Mart
602 2717 655 2768 ee,
670 2700 765 2772 April.
778 2703 843 2768 inc.)
935 2713 1074 2753 cenorum
1090 2713 1196 2770 nempe
1204 2701 1324 2772 uterque
1333 2699 1474 2755 exercitus
1484 2716 1606 2756 cernens
1615 2700 1746 2774 inspera-

121 2787 226 2844 Eodem
242 2789 501 2860 quoquetempora
516 2790 734 2845 Beneventanus
749 2789 823 2846 cives
838 2807 886 2848 au·
935 2789 996 2842 tam
1012 2787 1135 2842 salutem
1148 2787 1603 2856 Christianisadvenire,armatis
1613 2791 1748 2848 manibus

91 2873 331 2949 diensimperator
340 2876 396 2934 sibi
407 2877 559 2946 rebellare,
568 2877 672 2951 quihus
686 2879 884 2952 aggressissuo
935 2874 1075 2947 aliisupra
1085 2891 1174 2947 equos
1186 2875 1283 2932 littore
1304 2875 1470 2945 adstabant,
1490 2877 1539 2934 alii
1551 2894 1746 2934 navesaseen-

90 2959 203 3035 imperio
219 2967 355 3038 potenter
367 2965 540 3038 subjugavit,
551 2967 714 3040 multosque
727 2967 883 3024 interiecit.
935 2965 1047 3033 dentes,
1062 2964 1238 3023 Christianos
1252 2966 1289 3022 ad
1297 2969 1446 3022 certamen
1460 2966 1597 3021 audacter
1606 2982 1746 3039 provoca·

90 3050 131 3109 tis
142 3052 265 3125 peractis
278 3055 446 3113 Rauennam
460 3055 565 3112 iterum
580 3055 745 3123 adveniens,
760 3057 883 3128 Papien·
934 3053 1015 3110 bant.
1032 3053 1089 3110 Sed
1099 3054 1196 3111 dirius
1209 3055 1417 3128 propiciatione
1433 3054 1558 3112 domnus
1576 3057 1677 3111 Petrus
1692 3056 1748 3112 dux

90 3155 144 3196 mm
156 3140 262 3200 deiude
276 3141 363 3214 peciit
371 3143 588 3216 urbemlbique
600 3143 799 3201 Romanorum
812 3145 886 3202 cives
935 3157 1001 3198 cum
1017 3143 1379 3200 omnibussuisantedictae
1389 3143 1513 3200 civitatis
1527 3143 1557 3199 in
1568 3147 1686 3216 portum
1702 3143 1749 3200 in·

89 3227 884 3306 dominationisjugoabjectosihirepugnaturosaudirit.
936 3231 1050 3288 demnis
1061 3232 1205 3304 ingressus
1219 3236 1271 3289 est.
1288 3232 1382 3297 Quem
1398 3233 1472 3290 eires
1487 3249 1546 3289 una
1561 3249 1628 3289 cum
1643 3235 1749 3308 Grego-

88 3315 189 3376 Contra
203 3337 276 3393 quos
285 3320 438 3394 patricium
447 3337 532 3378 suum
542 3320 810 3380 nomineZazouem
820 3339 886 3379 oum
936 3320 980 3376 rio
997 3319 1141 3395 imperiali
1150 3326 1291 3395 catapano
1307 3322 1397 3395 digne
1406 3323 1606 3397 suscipientes,
1617 3324 1749 3397 ejusdem

87 3407 208 3466 exercitu
221 3410 352 3479 mittens,
361 3409 422 3482 ipss
437 3409 551 3482 navigio
566 3409 735 3468 Ravennam
744 3411 887 3468 instanter
938 3411 1015 3467 urbis
1036 3411 1065 3467 in
1089 3412 1199 3484 palacio
1226 3412 1344 3487 ospitari
1363 3413 1504 3470 iecerunt.
1525 3413 1603 3468 Tunc
1624 3413 1749 3469 domnus

85 3493 231 3556 descendit
242 3497 392 3572 (Nor.).Eo
407 3501 541 3572 tempore
557 3500 613 3555 duo
627 3498 791 3572 imperialia
801 3517 886 3556 orna·
938 3499 1004 3567 dux,
1020 3501 1168 3572 quomodo
1179 3501 1282 3557 urbem
1292 3517 1500 3574 apaganorum
1510 3501 1749 3559 severitatetuori

83 3589 182 3642 menta
192 3603 264 3644 auro
279 3586 353 3644 miro
369 3590 534 3659 oparanete
551 3603 633 3644 cesar
651 3603 703 3659 per
725 3587 888 3645 iohannem
939 3590 1082 3663 quivisset,
1096 3593 1274 3662 pertractare
1289 3591 1375 3664 cepit.
1387 3591 1492 3645 Verum
1504 3592 1582 3664 prius
1597 3591 1750 3648 alimonia-

84 3671 237 3732 diaeonum
253 3677 339 3734 Petro
355 3692 406 3735 suo
420 3677 565 3748 compatri
582 3676 658 3746 duci,
675 3694 766 3734 unum
784 3695 818 3733 ex
836 3680 890 3734 Pa·
939 3694 1005 3734 rum
1017 3677 1125 3734 solatiis
1137 3679 1211 3734 cives
1224 3679 1321 3734 inedia
1335 3693 1486 3751 perpessos
1506 3679 1682 3735 sufllcienter
1701 3697 1749 3738 rs·

83 3761 186 3832 piensi,
202 3763 282 3822 aliud
297 3781 332 3820 ex
352 3765 513 3824 Rauennati
529 3767 611 3834 urbe,
628 3765 706 3822 donn
720 3766 889 3824 transmisit.
941 3767 1057 3824 creavit.
1073 3767 1145 3822 Tum
1161 3770 1193 3821 ut
1204 3767 1323 3822 uiriliter
1338 3771 1439 3822 contra
1455 3767 1661 3840 nequissimam
1677 3785 1749 3840 gen-

81 3849 125 3908 Cui
144 3854 208 3912 dux
232 3853 514 3926 recompensationis
532 3855 627 3927 gratis
650 3855 821 3910 cathedram
838 3857 892 3920 ele,
941 3865 1002 3910 tem
1017 3855 1126 3912 bellum
1137 3858 1258 3927 agerent
1270 3855 1417 3924 amonuit;
1434 3857 1464 3910 et
1484 3856 1600 3911 victrice
1614 3856 1749 3914 vexillum

79 3939 391 4008 plantinisarlificiose
399 3944 510 4016 sculpta
518 3942 824 4014 tabulispereumdem
832 3943 891 4000 dia·
942 3962 972 4000 se
982 3945 1077 4016 preire
1087 3943 1203 4016 jubens,
1211 3943 1352 4016 quosdam
1363 3943 1393 3998 in
1410 3943 1547 3999 suburbio
1563 3945 1600 4000 ad
1615 3960 1750 4017 pugnan-

77 4043 187 4088 cunum
202 4031 349 4090 Ravenna
364 4032 478 4090 direxit.
489 4032 581 4098 Quam
593 4031 675 4088 aride
687 4031 891 4106 suscipiens,in
943 4033 1013 4090 dum
1027 4031 1159 4102 instituit,
1173 4032 1315 4105 quosdam
1331 4048 1398 4087 vero
1413 4048 1510 4086 seeum
1519 4033 1685 4102 adsumens,
1701 4051 1749 4094 na.
1806 4107 1809 4112 Ι

77 4119 185 4178 erdem
198 4117 272 4178 urbe
288 4121 514 4179 conservandam
524 4120 652 4194 reliquit.
663 4121 772 4177 Dehinc
788 4121 892 4177 Roma·
941 4121 1130 4177 valendorsus
1145 4124 1188 4176 est
1198 4137 1336 4194 peragere
1351 4121 1471 4177 bellum.
1488 4121 1569 4178 Unde
1583 4121 1691 4177 laetum
1707 4125 1750 4178 est

76 4220 142 4264 uam
168 4210 243 4266 dum
258 4209 345 4266 vellet
356 4208 483 4268 validam
500 4211 605 4266 urbem
626 4213 770 4282 repetere,
784 4211 890 4268 civium
902 4213 928 4274 D
941 4211 1076 4285 quatinus
1086 4210 1274 4282 pertriduum
1285 4209 1477 4265 continuatim
1487 4225 1563 4266 nuno
1575 4209 1751 4298 gladiorum,

76 4293 722 4372 iusidiaslormidaus,inquoddamcastellum
732 4301 890 4356 Paternum
941 4316 1017 4356 nunc
1031 4299 1123 4372 igneis
1135 4299 1236 4372 jaculis
1253 4298 1428 4354 Sarracenos
1442 4299 1546 4355 acriter
1561 4300 1751 4373 insequeren-

77 4389 203 4446 nomine
218 4387 336 4446 ascendi
350 4388 405 4459 lon.
431 4390 512 4457 1002,
533 4389 622 4461 doni.
641 4389 695 4445 Ubi
713 4389 812 4445 mlelix
830 4406 889 4445 non
941 4393 997 4445 tur.
1010 4387 1116 4444 Tereia
1132 4387 1223 4444 noctis
1248 4387 1277 4442 in
1305 4386 1420 4444 silentio
1442 4403 1626 4461 paganorum
1640 4389 1751 4463 aufugit

78 4473 122 4532 diu
140 4493 248 4551 sospes
262 4493 395 4545 manens,
410 4477 488 4534 inter
500 4479 597 4535 dulces
612 4497 705 4536 annos
718 4496 890 4553 corpoream
941 4465 1090 4535 exercitus.
1108 4477 1200 4534 Ceteri
1217 4479 1314 4534 autem
1330 4477 1379 4550 qui
1401 4477 1593 4533 finitimarum
1607 4478 1670 4534 loca
1685 4495 1749 4535 cru-

80 4559 147 4622 dnre
165 4566 775 4642 uitamamisit(·lun.24).Decujuslunero
790 4571 892 4641 gentes
942 4567 998 4624 deli
1008 4568 1074 4638 jure
1096 4564 1290 4639 mancipando
1320 4565 1516 4639 possidebant,
1536 4583 1596 4622 non
1627 4567 1750 4624 multum

81 4650 189 4728 ubique
202 4655 325 4712 minime
342 4659 412 4713 tune
426 4661 530 4732 questu
545 4657 891 4730 silebantcorpusculum
942 4659 1007 4728 post
1021 4656 1078 4712 illic
1088 4656 1227 4728 degentes
1235 4655 1346 4710 contusi
1355 4659 1546 4712 recesserunt.
1562 4655 1642 4712 Cives
1654 4656 1751 4730 itaque

82 4753 147 4800 tero
165 4746 230 4818 ejus
245 4745 410 4804 Coloniensi
419 4747 634 4821 archiepiscopo
644 4747 820 4803 cumceteris
834 4747 893 4802 del·
943 4744 1046 4802 domni
1056 4745 1132 4800 Petri
1147 4744 1226 4800 ducis
1240 4761 1349 4800 nornen
1361 4744 1495 4815 deinceps
1503 4745 1616 4800 celebre
1623 4746 1752 4802 ethono-

84 4824 207 4903 terente,
218 4835 249 4892 iu
263 4834 437 4908 Aquhgrani
451 4836 595 4909 palacium
610 4837 705 4893 fuerat
721 4835 894 4902 delatum,ut
943 4834 1217 4902 rabilehahuerunt,
1231 4832 1279 4906 qui
1293 4833 1372 4888 nullo
1383 4837 1499 4888 terreno
1510 4834 1560 4889 sed
1575 4833 1671 4890 divino
1682 4851 1750 4891 con-

85 4930 146 4978 tum
164 4924 317 4982 daemone
331 4941 382 4982 suo
398 4925 453 4999 pice
467 4926 619 4983 memorias
632 4927 737 4982 Kerolo
751 4929 838 4998 queat
849 4925 894 4998 ju·
944 4923 1057 4979 strictus
1068 4923 1186 4991 timore,
1201 4937 1249 4978 eos
1261 4921 1394 4978 liberavit
1407 4923 1443 4978 ab
1454 4921 1644 4979 inimieorum
1655 4939 1750 4996 perse·

87 5002 221 5072 dietatem
235 5014 290 5072 sibi
302 5015 454 5089 prestolari
467 5015 555 5072 diem.
944 5013 1070 5080 cutione.

118 5103 191 5160 Post
205 5105 282 5162 huuc
301 5104 438 5162 Heumcns
454 5113 489 5148 ¹¹⁴
504 5103 610 5179 regalis
625 5104 691 5175 dux,
708 5103 843 5179 prosapia
858 5104 894 5160 de
980 5103 1043 5160 Nou
1058 5105 1128 5175 pulo
1137 5100 1412 5173 pretermittendum
1425 5099 1662 5175 loreprodigium
1671 5099 1748 5173 quod

744 5225 862 5282 VARlAE
888 5222 1088 5282 LECTlONES.

123 5339 159 5378 ¹²⁴
172 5336 251 5410 infre
264 5335 424 5394 lieinricus.
479 5343 515 5380 ¹¹⁸
527 5337 565 5392 ite
580 5339 605 5392 l.
621 5332 729 5390 studuit
743 5333 783 5390 ed.

890 5453 1006 5510 NOTAE.

124 5567 203 5638 (tlt)
220 5566 288 5623 Seil.
303 5567 434 5640 populus.
946 5560 1063 5629 referat,
1085 5559 1145 5616 haee
1164 5557 1226 5630 ipso
1249 5574 1306 5632 quo
1334 5553 1521 5636 contigerunt
1534 5555 1666 5626 tempore
1678 5546 1746 5606 seri·

127 5637 206 5714 (litai
221 5639 293 5700 Cum
306 5642 405 5698 noster
423 5637 500 5698 inira
518 5651 545 5698 a.
561 5635 628 5696 loon
647 5635 759 5696 obitura
776 5633 893 5692 loannis
943 5632 1032 5708 psisse
1043 5630 1203 5690 censendus
1217 5633 1272 5740 est,
