3952 6176
246 307 308 366 ,835
812 299 945 359 ainaim
955 293 1116 362 nonnum
1128 297 1376 365 asculanensis
1827 313 1866 371 itt

203 460 206 468 ·
257 425 423 498 uereputeo
446 421 571 480 abstrahi
581 421 677 478 iaciat.
697 423 759 495 lpse
774 423 993 496 postpaululum
1010 422 1059 480 nbi
1069 428 1098 488 Α
1110 427 1273 501 exponitur,
1286 421 1599 500 adquemhonorabilis
1613 426 1733 501 virllago
1745 430 1866 498 amedeus,

257 513 421 572 seveshbus
435 511 539 578 induit,
557 528 623 568 eam
636 514 748 567 secutus
762 511 904 568 inclinans
918 527 948 568 se
966 513 1002 569 ad
1028 530 1059 570 os
1108 533 1233 589 eumque
1242 517 1323 588 virga
1338 521 1469 587 tangens,
1485 514 1522 569 ad
1535 514 1738 572 circumstantes
1751 517 1798 574 ait:
1808 542 1820 569 «
1830 521 1867 574 llic

245 603 345 677 putei,
362 602 455 658 solum
468 600 608 672 equinum
630 604 716 672 caput
740 600 821 673 equis
844 601 974 656 eminere
990 617 1058 673 pro·
1108 606 1255 660 reviviscet
1266 621 1427 676 nunquam.
1440 605 1539 660 »Tunc
1554 621 1640 676 equus
1653 605 1804 677 quibusdam
1816 625 1867 664 eum

254 692 357 765 spexit,
372 689 925 762 reliquismembrisoumsellalymphis
940 690 1058 762 opertis,
1106 694 1319 748 sublevantibus
1347 710 1364 748 a
1399 696 1486 760 terra,
1522 708 1583 748 sese
1611 692 1717 765 erigens
1741 697 1865 762 concussit,

170 796 174 802 “
254 782 284 835 et
299 779 336 835 ad
361 779 580 834 circumstantes
594 779 831 850 conversus:Hic,
849 779 955 852 inquit,
969 796 1060 852 equus
1111 799 1375 855 aquamquequam
1404 781 1511 836 invitus
1535 781 1677 843 hauserat,
1701 787 1870 853 permantum

253 866 1001 940 selledeincepsnunquamsentieronus.»ridquem
1009 884 1059 922 mu
1110 870 1200 926 urinae
1214 871 1340 943 digessit.
1357 869 1467 925 Alacris
1486 869 1562 925 illico
1587 869 1686 924 mulier
1705 870 1873 925 hisverbisvi·

252 955 505 1023 lier:«Num,ait,
520 955 567 1010 ille
587 972 674 1011 senex
705 954 886 1018 Benedictus,
904 957 952 1027 qui
978 955 1059 1011 libia
1109 975 1175 1014 rum
1195 960 1349 1031 arguebat:
1376 959 1458 1024 «En,
1483 957 1533 1025 ait,
1550 957 1868 1028 experimentohoedisce

254 1045 380 1103 Domino
403 1045 555 1102 victoriam
576 1046 701 1102 obtinuit
716 1063 750 1101 ex
764 1045 902 1112 hostibus,
928 1048 990 1100 tarn
1017 1048 1060 1100 est
1110 1047 1297 1103 Benedictum
1313 1046 1364 1103 [lei
1376 1046 1520 1102 famulum
1536 1043 1874 1110 fideliterseinvocantihus,

252 1133 395 1192 invalidus
420 1138 453 1190 ut
475 1136 632 1206 impetrare
646 1137 772 1207 nequeat
786 1137 928 1206 quatenus
940 1133 1058 1206 proprio
1108 1135 1450 1210 praecipuesuislamulis,
1468 1137 1574 1207 praesto
1583 1151 1653 1189 esse.
1671 1133 1794 1188 »Plausus
1804 1135 1874 1188 eonti-

253 1222 374 1280 animali
395 1238 461 1278 suus
483 1223 636 1279 revehatur
649 1222 828 1278 monachus?
841 1222 909 1276 »Ad
925 1223 987 1277 baec
1011 1221 1057 1276 ille
1108 1241 1166 1280 nuo
1180 1241 1213 1280 ac
1225 1241 1277 1280 vox
1291 1224 1400 1279 letitiae
1415 1227 1477 1279 toto
1502 1221 1636 1277 oriuntur
1659 1225 1755 1288 castro,
1780 1221 1873 1276 Benedi-

253 1310 485 1378 dillrdens:aSi,
501 1311 605 1382 inquit,
620 1310 741 1366 hrecille
758 1308 932 1382 impetrarit,
947 1309 1058 1364 caeteris
1108 1316 1187 1368 ctum
1216 1312 1409 1379 laudantium,
1442 1311 1599 1366 Benedroto
1625 1311 1728 1383 gratias
1755 1308 1874 1381 agentium

252 1400 374 1473 praelato
384 1399 528 1469 sanctis,ej
534 1416 565 1454 us
578 1415 625 1454 me
641 1397 825 1454 committam
841 1397 958 1453 lationi.
974 1418 988 1446 u
1004 1396 1059 1452 nd-
1109 1401 1257 1472 quodjam
1270 1399 1388 1466 viveret,
1401 1399 1479 1470 quod
1488 1399 1551 1470 jam
1563 1397 1686 1470 propriis
1695 1397 1877 1470 pedibusequus

194 1487 197 1490 ’
252 1488 341 1546 motis
356 1487 444 1559 igitur
463 1488 555 1550 scalis,
570 1487 717 1542 descendit
733 1486 968 1558 quidam‚audaci
990 1485 1058 1540 fisus
1108 1489 1235 1543 vaderet.
1249 1487 1325 1544 Saue
1338 1487 1473 1558 religiosa
1488 1485 1611 1552 semina,
1624 1485 1691 1557 quia
1701 1486 1785 1541 hiems
1798 1483 1878 1545 eratin

248 1575 441 1649 inventaqui
456 1591 563 1647 equum
578 1573 949 1647 peropportunascorporis
962 1577 1058 1645 partes
1109 1577 1206 1648 aprica
1229 1577 1317 1632 domo
1350 1575 1539 1648 cornipedem
1562 1575 1715 1630 deductum
1734 1571 1880 1628 mollioribus

253 1664 370 1722 funibus
384 1664 498 1736 ligaret,
506 1680 563 1735 quo
576 1663 687 1718 facilius
701 1662 784 1718 educi
799 1663 1014 1735 posset.Verum
1024 1677 1058 1717 eo
1109 1665 1275 1720 stramentis
1291 1681 1382 1736 usque
1396 1665 1433 1719 ad
1448 1663 1635 1719 diffusionem
1648 1661 1753 1718 sudoris
1765 1662 1817 1733 ipsa
1829 1676 1879 1732 ope·

254 1768 380 1825 egresso,
396 1769 462 1808 curn
478 1752 594 1807 difficile
607 1750 753 1806 videretur
767 1753 828 1804 tam
843 1749 980 1806 immensi
995 1765 1058 1804 cor·
1071 1743 1096 1806 B
1109 1757 1181 1824 ruit;
1209 1754 1259 1828 qui
1283 1755 1351 1810 inde
1375 1756 1440 1827 post
1456 1755 1606 1826 paululum
1624 1753 1767 1818 retractus,
1780 1755 1880 1804 terrase

252 1843 331 1916 poris
345 1841 453 1897 animal
466 1840 550 1895 simui
559 1855 625 1896 cum
638 1841 714 1896 scala
726 1854 808 1909 posse
820 1838 948 1894 abstrahi
959 1839 996 1893 ob
1010 1855 1060 1892 an·
1111 1845 1282 1916 provolvens
1290 1837 1880 1906 ar.omnibusmembrisconcutiens,hiuuitu

252 1930 377 2003 guallum
392 1929 482 2003 putei,
496 1928 714 1999 primumdum
725 1926 999 1994 educenteadehinc
1012 1941 1058 1981 ca·
1111 1932 1240 1988 soladem
1249 1931 1407 2003 querebat.
1424 1929 1517 1994 Quem
1532 1930 1637 1984 tratres
1652 1929 1699 2001 qni
1713 1927 1879 1988 adherente·

254 2014 1058 2090 hallumahstraberecoeperuntsedomnipotenslleus,
1111 2021 1227 2091 ceptum
1257 2021 1398 2085 laetantes,
1415 2018 1451 2073 ad
1476 2018 1598 2089 propria
1622 2017 1797 2083 incolumem,
1822 2013 1881 2067 nullo

252 2109 286 2162 ut
298 2105 463 2164 ostenderet
477 2123 537 2162 non
550 2107 643 2161 solum
652 2105 714 2177 jam
731 2104 833 2177 saepius
850 2103 1058 2174 dictoHugoni,
1111 2107 1245 2162 membro
1269 2106 1395 2162 debilem
1412 2106 1600 2162 reduxerunt.
1618 2105 1724 2161 iterum
1736 2103 1781 2158 uui
1801 2117 1884 2155 nomeu

253 2212 354 2252 verum
364 2195 525 2268 quibusque
541 2211 643 2250 sanum
657 2193 832 2265 sapientibus
841 2192 992 2264 egregium
1007 2192 1059 2246 du·
1110 2199 1196 2251 Anno
1215 2196 1306 2267 (supro
1318 2195 1368 2250 lib.
1385 2213 1405 2262 r,
1421 2211 1483 2266 cap.
1496 2197 1551 2265 li),
1561 2197 1613 2266 qui
1627 2191 1771 2250 sacerdotii
1783 2189 1884 2260 longlar

252 2300 318 2340 cern
325 2284 546 2350 monachorum,
556 2299 702 2338 summum
713 2281 843 2337 videlieet
860 2279 1059 2346 benedictum,
1113 2285 1226 2353 ollicio;
1243 2285 1325 2339 alteri
1340 2284 1499 2356 Remigius,
1527 2284 1558 2338 in
1573 2284 1676 2339 ordine
1691 2297 1803 2337 manens
1815 2279 1885 2333 diaco
1934 2353 1935 2356 Ἴ

253 2365 313 2430 non
329 2372 408 2445 parvi
423 2371 501 2443 apud
514 2389 545 2427 se
560 2387 621 2426 esse
637 2370 742 2438 meriti,
758 2369 818 2426 imo
831 2369 952 2440 majoris
972 2385 1059 2442 quam
1112 2376 1211 2442 natus3
1227 2389 1351 2444 quorum
1366 2374 1460 2427 relatu
1474 2374 1542 2426 ante
1567 2374 1726 2426 transactos
1751 2365 1885 2440 quindecim

255 2461 377 2534 quisque
387 2460 557 2518 mortalium
569 2459 712 2530 conjicere
728 2456 1059 2528 valeat,geminavitmi·
1112 2464 1186 2517 soles
1199 2462 1261 2516 haec
1277 2462 1317 2516 itu
1331 2465 1411 2532 gesta
1435 2461 1520 2514 luisse
1545 2459 1691 2532 comperi;
1717 2476 1733 2513 e
1759 2456 1846 2529 quibus
1864 2455 1885 2508 et

252 2550 394 2608 reculam.
418 2549 527 2621 Nempe
561 2563 626 2602 cum
650 2548 710 2618 jam
746 2561 902 2600 numerosa
924 2545 1060 2615 juventus
1111 2551 1181 2605 sella
1196 2549 1404 2604 ostendebatur
1416 2565 1480 2621 quae
1494 2549 1607 2621 dilapsa
1618 2565 1685 2603 eum
1708 2561 1778 2618 equo
1803 2545 1884 2606 lucrat,

252 2655 344 2712 usque
354 2638 548 2694 adsummum
556 2634 917 2707 puteimargiuemequum
925 2633 1058 2688 elevaris·
1110 2639 1154 2710 cuj
1160 2655 1192 2694 us
1204 2637 1352 2705 scandilia,
1364 2637 1495 2714 quemvis
1507 2653 1593 2704 nova,
1607 2639 1637 2692 et
1650 2637 1773 2692 antelam
1786 2632 1834 2688 suis
1846 2631 1886 2684 im-

185 2738 189 2748 *
251 2730 306 2793 set,
332 2742 365 2782 ao
390 2726 493 2782 iratres
521 2723 635 2780 eminus
656 2726 791 2786 astantes,
827 2722 935 2778 litaniae
960 2737 1059 2793 preces
1110 2727 1224 2799 patiens
1239 2727 1361 2796 pedibus
1381 2727 1441 2798 ipso
1456 2726 1632 2797 disruperat.

251 2811 861 2881 Dominosolverent,ubidilectumllomino
871 2810 1057 2866 benedictum
1146 2819 1189 2870 nl.
1204 2816 1312 2870 Viderit
1327 2831 1403 2870 nunc
1418 2814 1546 2886 quisquis
1560 2815 1610 2869 ille
1624 2817 1677 2880 est,
1707 2812 1754 2885 qui
1779 2812 1832 2864 heo
1843 2823 1887 2861 non

251 2903 386 2962 iuvocare
401 2899 744 2974 ooeperunt,subitorupti
759 2899 998 2971 lunesequusque
1021 2898 1058 2953 ad
1111 2904 1165 2960 sibi
1181 2903 1257 2959 mira
1282 2903 1373 2958 videri
1393 2904 1517 2975 jactitat,
1540 2903 1611 2974 quid
1633 2903 1737 2958 horum
1761 2897 1887 2972 precellat,

251 2991 391 3049 interiora
413 2991 508 3064 lapsus
529 2994 582 3046 est.
606 2987 773 3059 Desperatio
802 2991 920 3044 cunctos
945 2986 1057 3054 habuit,
1072 3020 1095 3080 C
1111 2979 1333 3048 utrum'lerrum
1349 2990 1581 3063 eprolundolaci
1593 2990 1738 3046 reduxisse
1745 3004 1779 3042 an
1791 2984 1889 3058 quadru-

252 3075 1058 3150 diilidenteseumulteriuspossevivumretrahi,maxime
1110 3081 1192 3153 pedis
1204 3080 1331 3135 vitamin
1342 3078 1465 3134 immoni
1474 3077 1636 3150 precipitio
1645 3094 1703 3133 non
1714 3076 1801 3131 solum
1813 3087 1885 3128 serva·
1934 3071 1935 3074 ’

252 3187 320 3228 cum
332 3171 362 3224 et
376 3169 528 3226 descensus
538 3168 575 3224 ad
592 3183 658 3221 eum
674 3165 852 3236 alligandum
873 3163 996 3219 difficilis
1012 3164 1058 3219 lo·
1109 3168 1192 3236 visse,
1208 3183 1309 3224 verum
1324 3171 1354 3223 et
1367 3168 1542 3223 incolumem
1555 3166 1668 3239 superis
1681 3163 1826 3220 reduxisse.
1842 3159 1886 3229 Ego

251 3260 308 3326 ret,
325 3273 378 3314 neo
389 3255 502 3311 iunium
524 3255 579 3310 illis
588 3255 670 3310 tauta
679 3255 845 3324 suppeteret
854 3251 947 3322 copia,
963 3267 1059 3306 casus·
1110 3256 1179 3329 quia
1192 3260 1349 3329 utrumque
1376 3258 1475 3312 noster
1500 3255 1553 3310 iste
1575 3254 1723 3327 legislator
1737 3249 1855 3325 patravit,
1868 3245 1888 3298 io

176 3404 184 3420 ,
252 3363 310 3419 que
336 3345 372 3402 de
388 3342 583 3416 superioribus
597 3343 658 3413 ejus
673 3341 866 3398 estimaretur
890 3339 1058 3394 contrivisse
1110 3345 1244 3400 ambolus
1255 3360 1322 3400 eum
1334 3360 1393 3399 non
1404 3346 1517 3398 tautum
1532 3345 1696 3413 polentem,
1708 3339 1843 3396 sedetiam
1854 3349 1890 3406 po·

252 3433 396 3490 membra.
410 3431 557 3488 Accedeus
569 3433 668 3485 eutem
677 3445 753 3484 unus
766 3429 890 3483 fratrum
902 3427 1057 3483 admemo·
1109 3432 1305 3488 tentissimum
1321 3433 1407 3488 luisse
1416 3431 1520 3486 fateor.
1539 3433 1570 3485 lo
1585 3430 1642 3486 boc
1655 3445 1723 3484 vero
1739 3426 1804 3483 illud
1816 3419 1890 3478 adrui·

252 3524 350 3578 rutum
366 3519 528 3591 dagonem,
549 3518 679 3574 hortatus
694 3518 738 3570 est
760 3515 796 3571 de
820 3515 924 3570 virtute
946 3515 1058 3571 confes·
1109 3519 1223 3576 ratione
1236 3520 1357 3593 dignum
1373 3522 1416 3574 est
1428 3519 1730 3591 quodequum,quem
1744 3514 1889 3570 rhomum

251 3609 324 3668 solii
337 3607 441 3664 Christi
465 3605 612 3662 Benedicti
627 3607 744 3675 sumiti&
757 3603 873 3671 fiducias
898 3603 992 3658 adhuc
1014 3620 1057 3658 ⁵0·
1110 3608 1263 3681 nequivere
1284 3605 1449 3664 retinaculis
1472 3605 1656 3676 protrahere,
1669 3604 1791 3660 fasciolae
1805 3595 1889 3669 fraglis

251 3699 311 3756 mel
334 3697 509 3754 attentatum
520 3733 521 3736 η
534 3692 718 3750 adorirentur
745 3708 825 3764 opus.
856 3691 1058 3748 hnnuentihus
1109 3700 1292 3754 retraxerunt
1306 3695 1427 3751 habenis
1438 3695 1534 3760 (Gneo.
1552 3693 1603 3749 lib.
1620 3711 1641 3749 n
1653 3693 1741 3760 Diut,
1756 3707 1779 3748 e.
1793 3689 1827 3762 6),
1838 3702 1865 3742 ac
1873 3680 1889 3736 si

251 3801 367 3860 quoque
382 3785 443 3856 ejus
457 3781 634 3856 persuasioni
650 3780 977 3854 quibusdamjuvanum‚
989 3780 1058 3852 quid
1108 3789 1243 3858 patenter
1256 3785 1319 3857 pius
1335 3785 1420 3839 Pater
1435 3782 1607 3838 Benedictus
1620 3799 1739 3838 eosnon
1751 3777 1844 3840 verbis,
1854 3769 1889 3826 scd

252 3891 311 3932 sure
327 3877 446 3948 possent
459 3873 534 3928 vires
548 3870 670 3942 experiri
697 3869 887 3942 cupientium,
911 3868 1058 3942 proessipue
1107 3874 1192 3931 tactis
1204 3875 1339 3930 moneret
1354 3871 1384 3926 id
1396 3887 1456 3926 non
1471 3871 1609 3926 humana
1625 3865 1795 3934 fortitudini,
1808 3858 1891 3919 seddi·

251 3964 375 4036 conjuge
388 3961 518 4034 ejusdem
527 3959 697 4017 nobilissimi
709 3958 762 4014 viri
771 3959 977 4032 lingoniaquee
988 3955 1057 4012 ndei
1108 3963 1183 4019 vinae
1201 3961 1295 4034 potius
1311 3958 1474 4033 operationi
1502 3958 1609 4014 debere
1639 3955 1776 4030 imputari
1799 3962 1890 4019 sueque

252 4047 704 4120 aedevotiooisinbeotissimum
715 4049 832 4103 Patrem
855 4047 1056 4102 nostrumsse-
1108 4049 1327 4108 interventioni,
1343 4047 1488 4106 ilerumsi
1519 4046 1666 4120 quispiam
1681 4046 1742 4117 eJ‘us
1752 4043 1820 4100 mira
1831 4039 1889 4096 lach

252 4140 401 4198 aedictum
423 4139 527 4200 ardore
549 4137 702 4209 flagrabat,
725 4136 829 4192 iterato
852 4136 934 4190 scales
958 4132 988 4190 in
1004 4149 1057 4204 pu·
1108 4140 1145 4196 ob
1156 4142 1259 4194 nostres
1268 4137 1386 4194 vilitatis
1398 4151 1555 4208 personam
1565 4134 1781 4191 conmmneuda
1788 4129 1886 4204 judicat

251 4233 333 4290 uum
347 4229 544 4300 deponuntur.
560 4228 650 4284 Porro
663 4227 819 4299 apparatus
832 4222 946 4279 lunium
962 4223 1058 4278 nullus
1106 4229 1184 4284 hune
1198 4242 1413 4300 nosrogamus,
1444 4241 1503 4280 non
1530 4226 1562 4279 ul
1588 4227 1690 4280 nostra
1716 4223 1798 4294 legal,
1813 4213 1887 4274 solut

202 4321 210 4331 '
252 4320 327 4376 alter
341 4315 463 4391 reperiri
472 4313 581 4386 potuit,
595 4314 650 4368 nisi
665 4330 723 4386 quo
735 4312 843 4369 retibus
853 4310 890 4368 ad
914 4327 998 4367 usum
1011 4326 1056 4366 ea·
1068 4310 1095 4370 D
1107 4315 1275 4372 mitissimos
1302 4314 1432 4387 ejusdem
1448 4312 1539 4369 patris
1556 4313 1652 4368 vultus
1666 4329 1718 4368 sua
1730 4315 1888 4382 nequaquam

253 4405 426 4482 piendarum
438 4403 610 4459 silvestrium
627 4401 797 4474 praeparatis
812 4415 983 4472 caprearum
1002 4397 1056 4454 sibi
1107 4407 1255 4476 exasperet
1270 4402 1490 4476 ingratitudine.
1507 4401 1561 4467 Oui
1576 4401 1609 4469 si,
1622 4401 1702 4474 quod
1717 4395 1801 4456 ahsitl
1816 4391 1887 4450 oten-

252 4493 377 4552 invieem
396 4491 533 4548 connexis
548 4492 634 4563 atpue
659 4489 798 4546 contortis
818 4488 985 4546 utebantur.
1008 4486 1056 4542 llis
1107 4510 1153 4551 sus
1167 4492 1264 4559 suerit,
1280 4491 1351 4546 nulli
1366 4489 1577 4561 dubiumquod
1592 4478 1889 4560 durumseprebsatot

253 4600 323 4656 ergo
353 4580 514 4655 alligatum,
539 4579 582 4636 uti
597 4578 676 4652 prius
700 4579 841 4646 lacerant,
866 4577 1057 4634 retrahebant
1106 4580 1331 4648 intractabilem,
1347 4579 1420 4636 siout
1436 4582 1565 4646 econtra,
1589 4575 1759 4634 humilitatis
1781 4567 1889 4646 precibus

252 4689 372 4747 equum,
397 4671 512 4744 magnis
535 4668 710 4726 elamoribus
738 4671 870 4724 anctum
891 4667 1057 4724 invocantes
1108 4669 1266 4741 mitigatus,
1279 4667 1469 4725 favorabilem
1484 4682 1514 4721 se
1528 4665 1677 4722 exhibebit
1692 4665 1832 4721 selenen.

252 4762 452 4826 Benedictum.
467 4760 503 4816 Et
518 4773 595 4826 ecoe,
611 4774 678 4814 eum
687 4757 751 4829 jam
772 4773 847 4830 pene
862 4755 1058 4812 intermunus
1419 4755 1532 4811 CAPUT
1547 4755 1603 4809 Vll.

252 4853 365 4909 iuturus
380 4853 464 4920 esset,
482 4848 586 4906 iterato
599 4846 799 4903 deficientibus
823 4845 942 4902 vinculis
965 4844 1057 4900 relabi
1159 4843 1262 4904 Milites
1271 4844 1461 4919 pasliponeS.
1475 4843 1616 4900 Benedicti
1629 4841 1760 4914 inpraelio
1773 4836 1848 4894 illari.
1883 4915 1887 4928 ι

252 4940 421 5015 coeperatis
450 4937 527 4995 imis.
551 4937 629 4992 Tune
657 4953 759 4992 unuse
785 4936 871 4992 turba
892 4924 1004 5006 alligari
1027 4949 1058 4988 se
1143 4941 1188 4994 2⁶2.
1203 4937 1405 5008 Opportunum
1420 4922 1888 4990 rideturetilludinsererelectioni

252 5031 343 5104 poscit
359 5028 481 5102 cingulis
495 5045 529 5084 ex
541 5026 626 5084 coriis
641 5041 791 5082 cervorum
806 5023 936 5090 desectis,
954 5022 1058 5094 quibus
1108 5025 1186 5098 quod
1201 5025 1230 5080 iu
1246 5024 1346 5080 eadem
1361 5022 1511 5095 provincia
1525 5022 1577 5076 sub
1592 5019 1738 5076 antedicto
1757 5008 1890 5100 prepositi

253 5105 389 5194 Aquitani
405 5120 525 5174 uitium?
547 5114 695 5170 latissimis
707 5117 794 5186 iique
808 5109 981 5177 i0fii⁸⁵iffli⁵s
1003 5110 1056 5166 sic·
1108 5106 1889 5196 (itheriomeritissanctisuiBenedictiDominusupei'ii'¹

252 5227 310 5283 que
323 5209 475 5274 introrsus,
489 5203 607 5272 dimitti,
623 5203 803 5276 arreptisque
810 5200 947 5256 tibiarum
955 5197 1058 5254 fascio·
1108 5201 1304 5273 dignatusest.
1318 5199 1500 5255 Hildebertus
1509 5211 1595 5268 supra
1602 5193 1745 5252 nominati
1752 5194 1857 5248 Bos-oms
1865 5179 1878 5234 i
1881 5207 1889 5218 ·

252 5297 298 5368 lis,
313 5297 457 5354 caballum
473 5293 619 5366 aptissime
632 5292 725 5364 capite
749 5290 880 5362 alligans,
896 5289 999 5344 monet
1012 5303 1057 5343 so·
1107 5289 1173 5358 lius,
1188 5305 1222 5344 ex
1237 5287 1363 5344 materni
1379 5287 1424 5342 avi
1439 5286 1615 5343 successione
1632 5283 1796 5339 comitatum
1808 5275 1889 5372 Petra·

253 5387 313 5444 cios
340 5401 370 5442 se
394 5383 513 5458 quidem
536 5381 677 5454 primum,
711 5377 816 5434 deinde
837 5375 1056 5450 quadrupedem
1108 5363 1890 5451 gericenbisadeptus,adversmssuillelmumeomlau

254 5473 480 5538 muretensem
490 5470 608 5530 monitis
622 5468 753 5526 ocissime
764 5467 909 5539 parentes,
920 5468 1057 5538 utrosque
1108 5464 1289 5521 Pictavorum
1302 5477 1386 5522 erma
1395 5462 1503 5530 mosit3
1518 5463 1549 5518 et
1561 5463 1709 5518 commoto
1724 5452 1848 5514 exercitu·
1861 5439 1890 5542 ld

254 5553 1058 5640 edsuparosrsduxeruntsmipssaosimonumuomi·
1108 5532 1890 5616 smuoduml'ietavseeivitatiemilliariamcastrapusli·
