3992 6180
183 415 253 476 ttae
797 402 876 460 Villi
894 399 1018 460 seueri
1036 399 1219 458 naussum.
1345 421 1349 430 ·
1773 407 1842 478 1430
1912 437 1925 454 ,,

182 553 238 594 xus
248 533 372 604 baideis,
391 531 530 591 florentes
539 546 597 588 sua
618 527 777 604 pubertatis
791 544 884 586 annos
898 527 989 584 evicta
999 526 1028 586 A
1039 524 1100 596 ipse
1115 527 1254 585 Dominus
1266 527 1296 584 in
1308 525 1463 602 Evangelio
1479 526 1536 586 ait:
1553 525 1635 586 Beati
1646 530 1720 588 eritis
1732 545 1843 590 summe

177 626 330 698 juventute
342 622 462 680 calcavit
472 638 479 677 :
491 624 520 676 et
529 621 622 693 justus
637 619 667 674 in
683 619 771 676 domo
786 617 836 675 Dei
850 617 904 685 sui,
915 617 989 672 sicut
1037 618 1141 672 oderint
1164 620 1290 686 domines,
1314 621 1368 674 etc.
1385 617 1462 690 (Luc.
1482 635 1520 685 rr,
1544 623 1599 686 22).
1614 620 1842 678 assuetionibus

181 714 285 770 cedrus
300 711 411 780 Libani,
426 709 572 783 vigoribus
586 707 723 766 virtutum
747 705 845 762 ssoruit
871 722 877 760 :
900 705 988 778 inque
1039 706 1115 762 suis:
1130 706 1165 763 Si
1177 707 1209 762 da
1223 705 1322 762 mundo
1332 707 1458 778 fuissetis,
1474 706 1588 762 mundus
1602 708 1672 781 quod
1685 726 1765 766 suum
1784 716 1841 768 erat

181 801 285 859 divinis
300 801 446 874 plantatas
461 797 550 864 atriis,
565 795 739 852 incrementi
751 794 794 850 sui
812 794 920 850 robora
929 793 987 848 sin·
1040 795 1179 865 ditiperet5
1193 797 1256 868 quia
1270 813 1330 852 vere
1354 795 1388 850 de
1404 796 1503 852 mundo
1517 813 1570 850 non
1579 797 1651 866 cstr's,
1661 797 1706 852 sed
1717 814 1764 870 ego
1776 798 1843 869 elegi

183 889 258 963 gulis
279 887 382 945 diebus
405 884 598 962 protendebat
619 886 656 941 ad
674 884 778 940 sidera.
799 884 913 939 Interea
927 884 988 937 tam
1039 900 1084 939 eos
1098 883 1130 938 de
1144 883 1254 951 mundo,
1265 888 1405 956 propterca
1425 883 1481 940 odit
1500 901 1544 940 eos
1558 884 1674 940 mundus
1687 885 1779 952 (doen.
1795 902 1840 955 xv,

181 994 293 1051 magna
301 993 359 1032 suae
370 975 538 1033 constantias
551 975 631 1030 lama
640 971 872 1046 regisinpalatio
884 969 986 1042 patuit,
1040 971 1095 1043 19).
1118 973 1249 1044 itemque
1266 973 1372 1029 :Beati
1393 974 1452 1028 estis
1475 989 1536 1029 eum
1560 973 1748 1030 maledixerint
1768 974 1841 1033 aedas

181 1069 215 1123 ut
228 1068 315 1138 longe
329 1069 444 1138 lateque
459 1063 620 1138 magnificis
634 1079 733 1117 rerum
743 1060 930 1117 laudabilium
943 1057 988 1114 di·
1040 1059 1184 1127 homines,
1208 1066 1234 1115 ct
1243 1062 1378 1132 persecuti
1390 1079 1434 1116 eos
1452 1062 1567 1132 suerint,
1587 1069 1613 1118 et
1630 1063 1746 1120 dicerint
1765 1079 1841 1120 omne

180 1155 348 1228 vulgaretur
362 1153 486 1210 indiciis.
503 1153 565 1208 Non
579 1153 676 1206 autem
691 1150 776 1221 hujus
786 1147 888 1204 mundi
899 1163 987 1203 vanos
1039 1145 1145 1200 malum
1160 1147 1302 1202 adeersum
1314 1164 1370 1218 ros,
1383 1151 1538 1205 mentientes
1541 1157 1653 1223 prepter
1663 1169 1714 1208 me.
1723 1151 1842 1213 Gaudete

179 1244 320 1316 captabat
341 1242 464 1308 lavares,
490 1240 541 1296 sed
563 1239 653 1312 copiis
674 1239 813 1294 virtutum
825 1240 986 1309 praeventus
1035 1232 1066 1288 in
1083 1234 1130 1290 illo
1147 1233 1192 1290 die
1208 1242 1233 1290 et
1246 1237 1523 1310 cessitate,quoniam
1534 1243 1841 1314 mercesnestracopiosa

177 1331 259 1388 illam
272 1329 374 1386 aeterni
385 1328 471 1401 Regis
483 1327 607 1400 gloriam
617 1326 738 1382 abintus
748 1326 985 1398 gestabat,quam
1036 1326 1117 1380 estin
1139 1323 1209 1380 coelt's
1225 1321 1338 1396 (blattis.
1361 1342 1389 1393 v,
1421 1325 1475 1398 it).
1502 1326 1559 1384 Hac
1579 1345 1649 1400 ergo
1673 1346 1769 1386 servus
1789 1330 1842 1388 Dei

177 1419 231 1475 sibi
245 1416 516 1491 pollenssapientia,
524 1416 609 1473 docto
620 1415 710 1486 digito
722 1415 863 1469 donorum
875 1412 987 1485 spirita·
1037 1414 1202 1469 Dunstanus
1216 1411 1382 1469 firmissima
1394 1414 1548 1486 sponsione
1563 1416 1751 1488 confortatus,
1763 1421 1841 1476 velut

178 1504 985 1576 lium,varietateetiamstudiorum,necnongemmante
1036 1501 1127 1557 homo
1143 1501 1247 1555 surdus
1261 1504 1290 1555 et
1301 1500 1382 1574 quasi
1396 1517 1495 1558 vocem
1506 1503 1716 1574 objurgationis
1725 1523 1784 1562 nou
1795 1523 1843 1563 cu·

177 1597 434 1654 nitoreaureorum
447 1593 750 1662 ornatuum,dietavit.
760 1591 832 1647 Nam
844 1591 986 1646 multasa-
1035 1605 1114 1655 rans,
1129 1587 1298 1643 effectnsest
1315 1605 1321 1643 :
1338 1591 1456 1645 cumvix
1471 1607 1598 1663 unquam
1612 1592 1730 1650 canibus
1740 1597 1842 1652 eontra

177 1701 297 1742 erorum
313 1687 344 1740 et
356 1683 519 1738 divinorum
533 1681 713 1737 voluminum
729 1682 822 1752 prata,
838 1680 914 1734 velut
924 1678 985 1750 apis
1035 1691 1066 1730 se
1079 1673 1250 1730 latrantibus
1262 1675 1407 1745 aperuerit
1418 1693 1449 1732 os
1463 1693 1547 1732 suum
1559 1694 1612 1749 per
1625 1695 1732 1734 amarae
1746 1680 1842 1738 incre·-

177 1773 342 1846 ingeninsa,
357 1770 395 1826 sie
404 1769 507 1841 rapido
516 1784 600 1824 eursu
612 1768 724 1840 capacis
732 1767 842 1840 ingenii
855 1768 986 1838 pervola·
1034 1761 1161 1834 petionis
1173 1762 1394 1835 eloquiumlpsi
1404 1764 1750 1824 veroinmacbinamento
1760 1769 1842 1824 mali-

176 1861 227 1930 rit,
236 1863 267 1916 ut
280 1861 410 1916 mentem
420 1857 515 1929 potius
529 1873 616 1928 quam
628 1873 731 1929 eorpus
741 1855 844 1911 divinis
854 1855 985 1911 reliceret
1000 1843 1840 1928 Btireperseverantes,criminatisuntillumfalsaquadam

179 1946 364 2013 lectionibus,
376 1947 405 2000 et
415 1944 629 2016 receptaculum
641 1942 709 1998 casti
721 1941 985 2014 pectusculi,saneti
1037 1937 1202 2009 objectione
1227 1955 1327 1995 coram
1349 1957 1429 2012 rege,
1448 1940 1733 2016 impetraveruntque
1753 1948 1786 1999 nt
1803 1945 1840 2002 ab

177 2034 302 2107 Spiritus
313 2033 384 2088 flatu
396 2031 556 2104 pertusum,
565 2034 650 2103 gustu
661 2033 796 2087 nectareo
807 2031 910 2085 devote
919 2046 984 2103 sup·
1036 2042 1143 2082 eorum
1154 2027 1298 2082 consortio
1309 2029 1465 2098 pelleretur
1479 2045 1486 2083 :
1503 2046 1590 2101 quem
1603 2030 1626 2085 si
1640 2047 1718 2086 sanie
1733 2032 1841 2088 mentis

174 2122 270 2194 pleret
287 2136 413 2176 sensum.
430 2121 520 2176 Porro
536 2118 767 2174 Hiberniensium
782 2116 927 2190 peregrini
939 2118 984 2174 lo·
1035 2113 1232 2178 esseut,unice
1241 2115 1413 2171 dilexissent.
1426 2117 1536 2172 Deinde
1549 2117 1727 2175 atrocissima
1736 2119 1839 2193 impie-

176 2225 255 2276 curn,
270 2225 358 2281 quem
374 2207 442 2276 dixi,
455 2206 608 2262 Glastoniae
632 2206 705 2261 sieut
729 2209 759 2261 et
782 2210 893 2261 eceterae
915 2205 984 2260 tide·
1033 2201 1101 2256 tatis
1114 2203 1335 2274 praevalescente
1349 2205 1440 2273 rabie,
1456 2205 1601 2276 rapientes
1611 2207 1758 2263 insontem
1768 2225 1839 2282 que·

174 2298 248 2355 lium
265 2297 368 2364 tnrbae,
384 2311 492 2367 magno
508 2293 762 2362 colebantatlectu,
774 2293 983 2349 etmaximeob
1034 2289 1840 2370 drissdismembris,velutovempatientem,manibusque

175 2387 206 2444 a.
223 2384 338 2440 Patricii
359 2384 415 2456 (ti)
427 2383 551 2455 junioris
572 2383 727 2449 honorem,
749 2381 797 2454 qui
809 2382 919 2437 faustus
933 2381 983 2437 ibi-
1033 2395 1066 2434 ae
1081 2379 1202 2452 pedibus
1214 2380 1389 2448 restrictum,
1401 2381 1586 2453 projecerunt
1597 2382 1627 2438 in
1641 2383 1783 2440 lutulenta
1791 2403 1840 2457 pa-

177 2473 289 2530 demin
314 2472 437 2528 Domino
452 2471 591 2544 quievisse
609 2473 753 2528 narretur.
772 2471 881 2525 tiorum
893 2469 982 2526 etiam
1037 2467 1170 2522 lustrium
1190 2469 1253 2522 loca
1269 2484 1276 2523 :
1293 2471 1322 2523 et
1336 2473 1368 2524 ut
1383 2485 1449 2523 enm
1464 2469 1493 2522 in
1508 2469 1614 2524 furoris
1634 2469 1677 2525 sui
1693 2470 1840 2530 dementia

174 2562 267 2618 libros
280 2563 366 2616 rectae
380 2558 447 2614 lidei
456 2558 603 2614 tramitem
616 2558 853 2630 philosophantes
862 2557 982 2630 diligen·
1032 2554 1327 2628 contemptibiliorem
1344 2556 1504 2626 efficerent,
1519 2557 1640 2628 pedibus
1650 2558 1839 2633 superimpri·

174 2650 219 2704 ter
231 2648 364 2714 excoluit,
381 2647 561 2719 aliorumque
575 2646 772 2719 prudentium,
788 2663 860 2720 iquos
884 2647 920 2702 ab
935 2647 979 2701 in·
1032 2643 1771 2715 mebant:quousque,seeundumvoluntaiiseorum
1779 2664 1841 2704 ma·

174 2737 247 2792 timo
264 2736 803 2808 eordisaspectnPatrumsanctornm
822 2734 979 2800 assertione
1031 2729 1135 2793 titiam,
1165 2729 1193 2785 in
1224 2730 1325 2785 fetenti
1350 2733 1500 2788 volutabro
1526 2733 1762 2792 dehonestarent.
1782 2735 1838 2792 illis

174 2825 382 2881 solidatosesse
392 2823 663 2896 persensit,solubili
675 2839 791 2894 semper
804 2821 979 2878 scrutamine
1031 2820 1129 2872 autem
1142 2818 1353 2886 recedentibus,
1364 2820 1407 2874 vir
1417 2820 1476 2893 ipse
1487 2821 1835 2894 epaludetluminisquasi

171 2911 330 2984 indagavit.
346 2914 388 2968 lta
399 2928 465 2968 vero
479 2913 542 2968 ritoe
556 2928 615 2967 sure
627 2911 754 2967 studium
770 2910 931 2978 coercebat,
948 2913 979 2966 ut
1030 2905 1177 2978 depicatus
1187 2907 1309 2962 surrexit
1319 2924 1325 2962 :
1337 2911 1367 2962 et
1382 2909 1418 2964 ad
1428 2909 1584 2982 quemdam
1596 2909 1833 2977 amicorum,uuo

173 3000 400 3072 quotiescunque
413 3000 516 3056 divinae
531 2999 686 3071 Scripturas
696 3000 976 3068 librosserntaretur,
1028 2993 1097 3050 inde
1114 2993 1269 3051 distantem
1283 2996 1430 3064 milliario,
1447 2999 1477 3051 ut
1489 2996 1528 3051 ibi
1539 3013 1568 3052 se
1578 2997 1718 3066 ablueret,
1735 2998 1833 3054 venire

171 3091 247 3146 Deus
259 3105 323 3145 eum
338 3105 373 3144 eo
392 3089 501 3162 pariter
526 3089 711 3161 loqueretnr3
734 3087 846 3160 quoties
868 3089 976 3156 autem,
1029 3081 1176 3153 disposuit.
1186 3083 1451 3140 occurreruntvero
1460 3083 1501 3139 illi
1511 3100 1596 3139 canes
1606 3084 1737 3156 ejusdem
1751 3102 1830 3143 acer·

171 3176 248 3232 curis
263 3176 446 3232 sacularibus
458 3178 578 3240 solutus,
601 3176 767 3232 orationum
787 3175 851 3231 otiis
867 3176 975 3231 mulce·
1025 3169 1093 3224 rimi
1111 3187 1117 3225 :
1135 3173 1164 3226 et
1176 3171 1316 3242 quoniam
1339 3172 1400 3228 luto
1422 3173 1618 3245 deturpatum,
1635 3173 1728 3245 magis
1745 3191 1831 3232 mon-

170 3264 266 3332 haiur,
281 3265 342 3336 ipse
356 3282 423 3321 cum
437 3264 561 3320 Domino
576 3264 685 3336 pariter
698 3263 752 3318 fari
767 3263 921 3321 videretur,
1025 3261 1118 3312 strum
1133 3275 1220 3330 quarn
1238 3259 1389 3316 bominem
1403 3264 1586 3332 putaverunt,
1603 3261 1711 3317 erudeli
1723 3263 1829 3319 latratu

207 3355 233 3407 6.
249 3353 339 3426 Igitur
353 3355 423 3410 dnm
446 3353 510 3408 haee
532 3351 665 3408 exercitia
679 3352 825 3408 bonorum
852 3367 974 3423 operum
1025 3347 1102 3402 hune
1115 3347 1298 3404 invaserunt:
1312 3352 1412 3405 tamen
1428 3353 1459 3405 ut
1472 3349 1648 3406 blandientis
1661 3367 1762 3408 vocem
1777 3369 1827 3409 au-

168 3457 268 3498 seeum
278 3440 584 3514 agerentur,nonnulli
594 3441 779 3513 propriorum
793 3439 934 3495 sodalium
945 3442 974 3496 et
1026 3435 1150 3504 dierunt,
1167 3453 1234 3494 mox
1248 3438 1330 3510 (esse)
1347 3437 1421 3494 illius
1434 3455 1467 3494 ex
1485 3455 1519 3494 eo
1540 3441 1745 3496 tantummodo
1758 3440 1828 3497 reti-

168 3529 378 3601 palatinorum,
393 3532 456 3584 tum
472 3545 560 3601 quam
577 3528 702 3584 maxime
715 3543 783 3582 vero
798 3527 971 3599 consangni-
1023 3529 1120 3580 centes
1135 3529 1324 3596 agnoverunt.
1343 3527 1421 3583 Tunc
1435 3527 1483 3583 ille
1504 3543 1601 3583 secum
1626 3545 1660 3584 ex
1680 3529 1826 3602 profundo

167 3633 293 3674 neorum
305 3633 435 3686 suorum,
445 3618 493 3691 qui
505 3617 659 3672 salutiferis
671 3615 780 3672 actibus
791 3616 851 3687 eJ’us
861 3615 969 3672 invide·
1022 3612 1117 3668 cordis
1131 3613 1253 3687 suspirio
1270 3615 1474 3688 ingemiscens,
1490 3616 1530 3670 ait
1546 3632 1553 3671 τ
1569 3616 1592 3673 0
1609 3633 1684 3672 saera
1704 3617 1827 3690 pr'opin·

166 3705 249 3773 baut,
258 3705 558 3762 sanctissineaevitem
565 3704 787 3778 palmitemque,
799 3704 836 3759 ad
845 3705 971 3761 coelestia
1021 3718 1146 3774 quorum
1161 3720 1295 3760 meorum
1310 3704 1435 3774 vesania,
1447 3704 1476 3758 in
1491 3704 1627 3760 caninam
1639 3703 1779 3762 saevitiam
1789 3705 1825 3762 de

166 3809 260 3867 regna
273 3793 454 3862 tendentem,
466 3794 585 3850 beatam
601 3792 924 3849 videlieetDunstanum
938 3793 969 3848 in
1020 3790 1369 3848 dilectionishumanitate
1386 3791 1514 3847 mutatui
1530 3793 1603 3846 Nam
1618 3791 1824 3848 irrationabilis

167 3881 280 3938 Christo
285 3883 455 3954 pollentem,
464 3881 571 3954 linguis
577 3882 667 3937 acutis
678 3881 856 3954 serpentium
864 3883 970 3938 morsi·
1020 3900 1125 3942 canum
1136 3886 1241 3938 natura
1253 3879 1442 3936 humanitatis
1455 3879 1526 3935 mihi
1536 3880 1720 3938 dilectionem
1732 3885 1824 3942 cauda

166 3969 278 4043 busque
295 3970 423 4028 dirorum
439 3970 580 4034 dentium,
598 3973 628 4024 ut
642 3969 714 4025 hirci
728 3968 855 4041 setigeri,
865 3970 970 4027 rodere
1019 3971 1181 4031 blandienti
1198 3969 1346 4026 exhibuit:
1363 3968 1564 4042 propinquitas
1578 3987 1645 4026 vero
1659 3971 1823 4030 humanita-

165 4057 969 4131 vstpreeidereconatisum.Conssanantenimsublivido
1019 4061 1055 4117 tis
1076 4059 1174 4127 oblita,
1199 4075 1304 4114 canum
1328 4057 1401 4113 mihi
1424 4057 1624 4114 infestantium
1638 4059 1820 4116 severitatem

165 4147 249 4202 antro
273 4145 380 4203 naresi
400 4145 715 4219 pectorisinopinatam
726 4146 754 4203 in
767 4161 835 4201 eum
843 4146 969 4202 scabiem
1019 4147 1159 4216 inseruit;
1175 4147 1214 4202 sic
1227 4147 1376 4220 improbus
1388 4146 1459 4203 ordo
1474 4146 1628 4204 amborum
1642 4146 1671 4202 in
1693 4148 1821 4222 utrisque

164 4234 321 4302 mendacii,
339 4235 467 4292 dicentes
495 4235 576 4290 illum
602 4251 636 4290 ex
659 4234 739 4291 libris
753 4235 925 4292 salutaribus
940 4240 969 4292 et
1019 4235 1141 4292 mutavit
1151 4236 1260 4307 justam
1275 4234 1362 4290 viam.

164 4321 232 4377 siris
245 4322 355 4394 peritis,
378 4339 438 4378 nou
459 4322 543 4378 saluti
558 4323 723 4378 animarum
738 4323 899 4395 profutura,
916 4324 967 4380 sed
1338 4327 1449 4382 CAPUT
1462 4328 1497 4384 11.

163 4409 248 4466 avita
262 4410 431 4482 gentilitatis
452 4411 607 4467 vanissima
629 4410 759 4466 didicisse
781 4411 920 4480 earmina,
937 4416 966 4468 et
1016 4414 1195 4471 Monaclatus
1224 4413 1256 4469 S.
1284 4413 1431 4470 Dunstani.
1465 4413 1545 4470 Gesta
1579 4419 1605 4470 et
1636 4416 1699 4488 pius
1734 4414 1820 4472 obitus

162 4497 349 4554 historiarum
361 4499 477 4555 frivolas
492 4501 587 4556 colere
601 4499 832 4556 incantationum
845 4501 965 4562 uenias.
1051 4486 1099 4542 Ε
1100 4483 1227 4555 1111111θᾶ3
1239 4485 1335 4540 vidue?-
1349 4485 1507 4556 turpione
1519 4502 1551 4541 ³²
1558 4485 1784 4558 CllMWPYOlals‘·

162 4585 233 4642 Huic
247 4590 345 4644 summ
365 4587 468 4644 morbo
486 4587 629 4644 mendacii
649 4588 751 4644 beatus
770 4588 826 4644 tiro
850 4592 1005 4662 semperD
1052 4598 1080 4648 7.
1094 4591 1237 4648 intellexit
1247 4591 1335 4662 igitur
1348 4591 1397 4648 ille
1412 4592 1819 4668 avitushumanigenerisrui·
1879 4581 1882 4591 ¹
1983 4641 1984 4648 ,

162 4673 309 4730 Christum
333 4675 476 4748 opposuit,
501 4676 551 4748 qui
570 4676 680 4740 omnia,
704 4679 861 4749 antequam
882 4677 964 4746 fiant,
1015 4679 1116 4747 micus,
1132 4682 1329 4736 memoratum
1336 4679 1487 4751 juvenem,
1501 4698 1553 4754 per
1565 4681 1695 4738 sinistros
1703 4682 1821 4740 nuntios

160 4759 261 4816 novit:
278 4761 309 4816 in
320 4763 400 4833 cnjus
414 4778 539 4834 persona
549 4762 693 4834 benignus
708 4765 850 4836 propheta
864 4765 964 4834 David,
1016 4766 1180 4824 invidorum
1195 4766 1338 4823 sodalium
1355 4783 1427 4839 quos
1440 4769 1568 4838 miserat,
1584 4770 1819 4843 pravisvolunta-

160 4848 452 4922 etfldelissimusejus
461 4849 552 4918 testis,
563 4851 679 4906 oraculo
698 4854 860 4922 preventus
875 4853 964 4927 Spiri-
1016 4855 1092 4912 tibus
1102 4855 1159 4910 suis
1170 4871 1273 4926 parum
1282 4855 1520 4930 cessisse,quibus
1534 4858 1563 4913 in
1577 4875 1645 4914 eum
1655 4858 1818 4916 insidianti-

158 4940 205 4992 tus
221 4937 324 5006 sancti,
345 4937 376 4993 in
400 4939 486 4994 ialsos
506 4941 637 4994 auctores
651 4940 810 4996 Dominiear
824 4940 965 5014 passionis
1015 4944 1068 5000 bus
1078 4943 1167 4999 armis
1177 4941 1316 5000 dimicare
1330 4942 1489 5016 inchoavit3
1506 4945 1556 5002 sed
1567 4950 1677 5020 quanta
1691 4947 1746 5003 sibi
1757 4950 1818 5002 ten-

157 5022 351 5097 itainquiens,
362 5025 416 5082 eit:
428 5024 635 5084 liuurrecerunt
645 5029 673 5082 in
685 5045 727 5083 me
742 5035 815 5084 testes
827 5031 926 5104 iniqui,
940 5036 965 5086 et
1015 5035 1214 5088 tamentorum
1229 5033 1388 5088 luctamina
1407 5034 1569 5107 ingesserit,
1591 5052 1714 5109 sequens
1728 5034 1816 5090 libelli

157 5115 316 5168 mentitaest
326 5115 463 5187 iniquitas
474 5114 621 5187 sibi(Pset.
633 5132 710 5184 xxvi,
730 5117 784 5191 tt).
795 5119 828 5172 Et
836 5117 942 5173 iterum
954 5134 962 5173 :
1013 5121 1706 5193 hujuspaginapanimintimabitprimumenim
1712 5122 1816 5178 mulie-

158 5199 214 5268 Qui
227 5200 381 5272 querebant
406 5203 476 5258 milri
493 5202 578 5270 mala,
599 5204 683 5262 locuti
704 5213 768 5260 suut
782 5208 922 5274 vanitates,
939 5212 964 5260 et
1013 5227 1079 5266 rum
1092 5210 1134 5265 illi
1149 5209 1400 5282 injecitamorem,
1416 5229 1473 5285 quo
1488 5229 1540 5285 per
1551 5210 1704 5267 familiares
1711 5211 1815 5270 mulie-

155 5287 230 5346 datos
258 5295 314 5345 totu
341 5289 384 5347 dic
407 5290 607 5348 meditabantur
620 5291 708 5366 (Psal.
728 5311 833 5358 xxxvn,
855 5295 911 5366 13).
930 5295 964 5349 at
1013 5301 1239 5373 rumamplexus
1252 5301 1410 5358 mundanis
1429 5299 1645 5357 oblectamentis
1659 5299 1814 5362 frueretur.

181 5480 251 5564 ,(21)
263 5483 408 5564 tecelinus
422 5484 451 5540 in
465 5485 529 5567 iiiia
543 5485 572 5542 S.
599 5487 713 5544 Patricii
727 5489 850 5561 apostoli
863 5492 962 5549 iliber-
1013 5502 1085 5564 runt,
1099 5493 1130 5551 S.
1146 5496 1299 5554 Patricium
1320 5495 1433 5570 filiolum
1447 5496 1514 5567 ejus,
1530 5495 1590 5568 qui,
1601 5503 1662 5569 post
1681 5497 1814 5555 decessum

159 5567 246 5636 nucea
257 5555 340 5610 nobis
352 5559 385 5612 {7
398 5557 491 5612 ldartu
501 5558 653 5627 illustrata,
669 5576 749 5630 num,
764 5563 824 5630 163,
841 5578 961 5622 euume·
1007 5569 1103 5639 patrui
1119 5569 1163 5622 sui
1170 5569 1346 5626 Britanniam
1362 5585 1489 5636 remeans,
1507 5569 1535 5623 ire
1547 5570 1609 5639 seta
1622 5571 1728 5628 decessit
1742 5578 1767 5628 ct
1784 5571 1814 5628 in

161 5625 207 5680 rat
220 5627 297 5680 inter
314 5625 399 5698 hujus
411 5627 560 5700 duciculus,
583 5632 630 5704 qui
647 5629 704 5703 ejus
718 5632 790 5688 Aeta
804 5638 961 5708 conscripse·
1016 5637 1198 5696 Glastons'cnsi
1207 5641 1316 5697 eccesie
1330 5638 1446 5712 sepultus
1461 5646 1498 5695 est
1511 5641 1662 5710 honorilice.
