3882 6170
203 407 257 476 005
612 405 815 474 rnncnlltbt
826 405 995 473 honneur.
1013 407 1193 474 eborensis
1208 408 1358 484 manen,
1374 405 1449 485 hta,
1787 420 1831 481 ott

228 541 230 546 ’
273 535 346 591 Nam
364 521 417 589 ¹tibi
435 535 626 606 compatrem
641 521 768 591 retinere
785 533 902 590 licentia
916 535 1006 592 talem
1018 539 1045 599 A
1130 536 1220 610 Ipsius
1234 534 1347 609 augusti
1359 532 1499 608 quommn
1513 534 1665 592 construxit
1675 536 1780 597 honori.

275 623 403 690 Constet,
416 621 526 694 reginae
541 637 658 694 semper
670 623 830 680 dominaris
841 622 870 678 in
886 639 970 693 000ος
1129 627 1177 681 Est
1191 642 1244 681 nec
1259 626 1418 681 mullorum
1434 623 1521 678 series
1537 625 1664 681 resolute
1677 627 1788 698 dierum,

273 713 320 778 At,
337 709 415 783 quod
430 726 489 765 non
504 708 572 764 liat!
590 710 613 766 si
632 713 660 767 te
676 711 739 784 pins
752 711 800 766 ille
815 711 970 784 relinquat,
1058 717 1110 771 510
1125 714 1175 770 llic
1184 715 1336 788 quodcum
1348 712 1459 786 primis,
1472 713 1550 785 quod
1561 714 1649 770 nutrit
1658 715 1836 776 Suesiadulcis

201 802 254 857 405
265 798 367 870 'lurpis
381 814 497 872 semper
508 798 574 868 eris,
590 800 669 854 velut
680 802 725 855 est
739 800 873 855 ancillula
886 799 958 855 vilis.
1082 811 1087 828 ⁴
1759 805 1832 878 [(900,

542 887 659 943 AUGIA.
1126 891 1170 947 Ad
1185 891 1296 947 latium
1311 907 1411 963 regem
1426 890 1538 964 primns
1554 889 1721 964 perduxerat
1734 893 1832 949 orbem.

272 977 345 1034 Cum
359 976 423 1050 quis
434 975 575 1046 tristatur,
589 976 639 1048 qui
653 979 754 1049 coptus
769 980 868 1033 mente
878 979 1004 1041 tenetur,
1125 979 1201 1034 lllins
1215 981 1293 1035 hunc
1300 979 1361 1051 juri
1376 979 1494 1034 frenans
1505 984 1615 1035 terrore
1630 980 1741 1036 minaci.

271 1066 326 1122 Per
340 1065 538 1122 consolantem
560 1061 615 1120 sihi
634 1064 737 1136 quaerit
754 1065 898 1138 habetque
921 1064 1005 1136 quie-
1126 1067 1292 1123 Romulidas
1306 1083 1385 1122 arces
1401 1067 1543 1122 audenter
1556 1071 1585 1122 et
1595 1067 1661 1123 inde
1671 1071 1791 1138 petentes

913 1155 1002 1223 [tem;
1125 1153 1211 1210 Milite
1222 1171 1288 1210 cnm
1301 1155 1404 1223 multo,
1420 1170 1508 1226 quem
1519 1171 1616 1210 secum
1629 1156 1808 1228 contulitillo,

275 1239 321 1298 Sic
338 1256 403 1314 ego,
419 1242 506 1298 00000
521 1240 604 1310 mihi,
620 1243 670 1298 tua
681 1257 734 1314 per
749 1241 902 1310 solamina,
916 1240 967 1305 lili,
1056 1245 1106 1298 515
1122 1244 1314 1299 Accumulans
1326 1242 1401 1298 acies
1412 1242 1478 1298 latae
1488 1241 1544 1298 luit
1557 1243 1728 1314 imperiales.

272 1328 410 1385 Tristibus
422 1329 540 1401 abjectis
554 1330 660 1386 extollo
672 1330 778 1404 gaudia
790 1329 914 1399 mentis3
1126 1331 1265 1387 Dicebant
1276 1331 1339 1386 ltali
1352 1331 1446 1386 subita
1458 1331 1617 1387 tormidine
1632 1332 1690 1387 laesi
1706 1348 1713 1386 :

199 1415 253 1474 470
271 1419 345 1474 Nam
357 1418 499 1490 promissa
511 1418 552 1473 tui
567 1419 665 1474 firmat
675 1419 818 1475 sententia
832 1418 900 1476 veri.
1127 1420 1221 1475 Tanta
1236 1420 1344 1476 virtutis
1362 1435 1440 1491 quem
1453 1437 1498 1474 aes
1513 1420 1583 1475 dune
1598 1437 1653 1475 esse
1659 1422 1785 1491 potatis?

271 1507 348 1562 Dum
358 1523 405 1562 me
420 1523 526 1563 norma
539 1507 614 1578 regit
628 1505 750 1563 senioris
765 1505 814 1580 qni
825 1506 914 1562 modo
926 1505 1003 1574 vivit,
1124 1507 1176 1563 leti
1188 1510 1346 1579 sceptripero
1361 1523 1415 1562 non
1431 1507 1610 1564 contradicere
1623 1524 1698 1566 nemo

273 1595 389 1651 Floreat
405 1593 526 1662 interea,
540 1596 617 1650 stant
631 1595 793 1651 tirmiteret
808 1593 967 1666 meajure;
1126 1594 1219 1663 Debet,
1247 1596 1295 1668 qni
1320 1601 1409 1652 tontes
1437 1597 1575 1654 dominnm
1600 1598 1654 1651 neit
1678 1604 1713 1664 ⁸⁰,-
1736 1613 1789 1652 eeee
1811 1614 1846 1652 ro·

273 1683 341 1740 Post
359 1683 431 1753 haec,
447 1682 477 1738 ni
492 1683 588 1748 lallor,
603 1683 704 1757 capitis
719 1699 786 1739 eum
801 1682 927 1738 culmine
945 1681 1006 1756 pri·
1724 1685 1848 1746 [10000001

944 1773 1006 1834 [vor
1057 1773 1109 1828 520
1124 1771 1182 1826 lloc
1197 1772 1228 1826 ut
1244 1771 1388 1840 dixerunt,
1405 1770 1451 1827 alii
1465 1787 1607 1844 responsa
1620 1770 1776 1827 dederunt:

272 1859 366 1929 Tanti,
380 1859 518 1915 continuo
532 1859 657 1932 vulgaris
666 1859 764 1916 fabula
778 1861 828 1929 llo,
1018 1851 1044 1911 B
1127 1858 1296 1925 Qnamdoret
1311 1862 1484 1932 0100000901,
1500 1859 1574 1915 noto
1582 1859 1654 1914 10000
1669 1858 1849 1929 0091000011,

201 1949 254 2006 475
270 1948 374 2004 Errans
388 1947 461 2004 sicut
480 1948 540 2003 otis
554 1951 638 2020 tergo
654 1949 788 2023 prolapsa
801 1950 938 2021 regentis.
1125 1945 1275 2002 Sneoornm
1282 1951 1387 2018 primos
1396 1951 1447 2003 erit
1453 1948 1496 2002 tic
1510 1947 1592 2002 simut
1607 1965 1704 2003 aurete
1717 1948 1802 2015 abtas,

272 2037 382 2093 liscum
394 2041 548 2111 propterea
560 2039 620 2106 100,
634 2038 674 2093 llll
689 2046 724 2106 ¹⁷,
737 2037 859 2094 tundere
872 2040 939 2094 vota
1131 2035 1238 2091 Utilitas
1252 2038 1337 2092 nostri
1354 2043 1443 2093 maaet
1458 2036 1516 2101 doc,
1530 2035 1698 2106 famulemur
1712 2042 1743 2093 nt
1758 2035 1804 2091 illi.

272 2126 315 2182 Da
335 2125 463 2181 studium
483 2125 605 2195 Christo,
627 2143 663 2180 ne
683 2142 736 2196 nos
751 2127 870 2182 fortuna
891 2125 1005 2181 sinistro
1130 2124 1252 2180 Romani
1266 2140 1398 2195 proceres
1413 2128 1481 2179 1000
1493 2141 1523 2180 00
1542 2141 1595 2181 000
1613 2129 1774 2198 cunctaque
1789 2124 1852 2179 000·

273 2214 973 2287 000000000000500001,00010013000100000οῑ
1794 2215 1853 2279 ties,

272 2301 355 2357 Tanti
369 2301 502 2372 pastoris,
522 2301 601 2374 pleni
621 2302 740 2357 caelestis
753 2301 880 2356 amorisl
1059 2303 1110 2356 tas
1127 2301 1197 2373 Regi
1207 2318 1362 2356 cesaream
1376 2317 1442 2358 mox
1454 2301 1623 2374 imposuere
1639 2317 1795 2368 coronam;

200 2391 256 2448 480
276 2389 381 2446 Sancta
399 2389 451 2444 Dei
472 2392 578 2458 mater,
593 2389 690 2462 Virgo,
707 2389 744 2444 00
759 2393 825 2445 vota
839 2389 1008 2462 frequenter
1128 2389 1262 2446 Caesarei
1276 2373 1493 2462 angustus'post
1507 2391 1561 2446 hac
1578 2394 1624 2446 est
1638 2391 1688 2445 ille
1703 2392 1825 2447 vocatus.

273 2477 356 2546 Nato,
367 2491 420 2548 pro
436 2477 529 2545 nobis,
544 2492 598 2548 pro
613 2477 671 2532 vita
682 2493 792 2550 nosque
806 2478 953 2549 regentisl
1128 2477 1175 2533 llis
1188 2478 1229 2534 ita
1243 2478 1394 2534 transactis
1406 2478 1547 2534 remeavit
1562 2483 1666 2552 pastor
1681 2477 1779 2534 herilis

274 2565 536 2634 Acomnessancti,
548 2566 735 2639 qnorumsub
752 2566 866 2621 honore
882 2565 971 2623 dicari
1127 2566 1172 2623 Ad
1192 2566 1338 2638 gremium
1359 2583 1482 2639 sponsae,
1498 2583 1638 2625 recreans
1660 2566 1857 2625 sna'membrs

272 2653 393 2726 Templo
405 2652 456 2710 Dei
471 2653 550 2718 lecit,
565 2671 630 2728 quae
643 2653 869 2728 circumquaque
883 2654 1005 2726 pararit,
1703 2657 1806 2730 [quiete
1821 2653 1860 2725 (11)

274 2741 341 2815 Ejus
360 2742 436 2816 0000
449 2742 608 2800 Dominum
631 2758 778 2800 memores
799 2743 863 2800 sine
881 2743 940 2800 line
955 2760 1007 2817 per
1128 2742 1195 2809 Quis
1219 2745 1261 2800 vel
1285 2745 1410 2817 0000500
1430 2743 1496 2812 erit,
1522 2742 1621 2818 pietas
1648 2760 1703 2801 000
1725 2742 1780 2799 rite
1802 2757 1861 2812 pro-

901 2832 1006 2901 [evnm‚
1757 2829 1862 2896 [hablt;

202 2922 255 2980 585
273 2919 341 2978 lura
355 2917 504 2996 potestatis
517 2919 668 2977 vernantia
680 2921 753 2977 0000
764 2919 867 2995 qnietis
1057 2923 1109 2978 500
1124 2920 1216 2986 Quam
1231 2921 1253 2977 si
1267 2921 1338 2977 seire
1349 2921 1417 2978 velis
1433 2938 1510 2978 nunc
1524 2921 1650 2979 auribus
1661 2922 1749 2978 ebibe
1764 2917 1862 2976 cordis.

272 3009 435 3085 Adquirant
445 3009 497 3078 illi,
513 3026 566 3083 pro
581 3009 780 3074 consolamine
792 3009 895 3066 Christi
908 3027 915 3079 ;
1126 3010 1201 3067 Vivit
1212 3010 1291 3067 enim
1302 3014 1389 3078 caste,
1401 3011 1518 3084 gemino
1529 3027 1694 3068 succensus
1708 3027 1818 3080 amore,

273 3101 308 3155 111
321 3101 387 3172 post
402 3098 565 3172 depositam
582 3098 712 3155 mortalis
727 3099 856 3172 corporis
869 3100 1004 3155 umbram
1020 3135 1044 3195 c
1124 3100 1165 3154 Ac
1179 3098 1343 3170 evangelico
1357 3099 1486 3154 munitus
1500 3100 1592 3156 00000
1608 3100 1722 3174 sigillo.

272 3174 334 3244 Fiat
348 3187 388 3244 eis
400 3186 494 3244 socius
507 3186 613 3244 ccelesti
625 3185 693 3243 0000
707 3186 833 3243 10001001
1126 3187 1296 3261 Serpentem
1305 3188 1591 3261 nivealosetabsque
1600 3188 1715 3247 timore
1725 3186 1869 3256 columba,

274 3277 332 3333 ltoc
352 3276 422 3333 velit
444 3277 504 3349 ipse
532 3277 617 3346 0000,
644 3275 693 3349 qni
722 3278 835 3332 constet
858 3275 951 3332 trinus
977 3278 1007 3331 et
1126 3276 1225 3332 Omnis
1248 3277 1277 3332 05
1294 3275 1409 3332 insidier
1427 3275 1502 3349 lugit
1519 3276 1609 3334 illum
1631 3280 1734 3351 pellor
1756 3277 1868 3349 ubique.

908 3375 1004 3435 [unus,
1056 3369 1106 3423 535
1121 3366 1134 3420 J
1138 3363 1219 3437 urgia
1231 3381 1347 3436 semper
1358 3364 1430 3432 odit,
1445 3365 1609 3438 tranquilla
1624 3367 1749 3424 silentia
1764 3365 1871 3440 poscit;

200 3451 254 3512 400
270 3453 307 3511 Ut
320 3454 468 3528 witigowo
485 3455 568 3528 poter
582 3455 676 3510 valeat
683 3454 846 3527 jubeatque
858 3457 1003 3527 potenter,
1126 3455 1183 3511 Sed
1193 3453 1470 3526 velutexemplisres
1480 3457 1524 3509 001
1533 3453 1615 3510 bene
1627 3455 1754 3528 cognita
1766 3454 1870 3521 multis,

271 3545 311 3600 Ae
328 3543 426 3618 ipsius,
439 3545 545 3606 Amen,
560 3541 634 3598 vivat
648 3559 700 3615 per
714 3543 810 3598 000010
820 3542 949 3598 nomen!
1125 3541 1220 3599 Gloria
1234 3542 1392 3613 justorum,
1413 3540 1496 3597 furor
1513 3545 1557 3597 est
1581 3560 1619 3599 ae
1643 3543 1693 3600 ira
1707 3542 1872 3600 matorum!

270 3631 404 3690 Canninio
419 3639 443 3676 ¹¹
459 3632 502 3688 tta
516 3629 598 3704 finem
610 3631 658 3686 dot
672 3631 803 3700 ctansnlo,
816 3630 921 3704 fertque
933 3632 1005 3703 0000-
1126 3633 1207 3688 Ηο00
1220 3631 1261 3687 ita
1275 3630 1415 3702 temptari
1428 3629 1539 3701 patitur
1551 3633 1723 3704 permissio
1737 3631 1841 3690 Christi

942 3720 1004 3792 [tem
1125 3720 1219 3776 liebus
1232 3719 1262 3774 in
1278 3718 1413 3787 adversis,
1433 3717 1558 3774 minime
1573 3720 1632 3776 sed
1650 3723 1741 3794 parte
1758 3717 1875 3777 nocivis.

270 3809 351 3868 00νο
362 3807 514 3879 scribentis,
529 3812 592 3885 qnia
611 3809 697 3866 labilis
712 3815 750 3865 est
764 3809 839 3864 tator
856 3811 941 3864 omnis
1054 3811 1106 3866 540
1120 3810 1265 3864 Nemeum
1278 3823 1331 3878 per
1342 3806 1485 3862 damnum
1495 3807 1601 3863 tulerit
1612 3809 1693 3882 quid
1705 3812 1891 3886 mentemoy

268 3900 379 3957 Premia
394 3899 439 3955 sed
456 3915 556 3971 semper
569 3897 681 3954 stabant
694 3900 751 3953 sirie
766 3898 821 3969 fine
830 3903 954 3969 potenter
967 3904 1001 3951 ¹⁹.
1751 3899 1878 3964 lineium,

196 3990 250 4046 405
261 3990 283 4062 †
293 3990 369 4059 Post,
384 3989 452 4045 utin
461 3987 648 4044 undecimum
661 3987 740 4043 venit
749 3985 872 4042 feliciter
879 4003 1001 4054 annum,
1122 3990 1260 4044 Armatur
1274 3985 1337 4041 telis
1352 3999 1415 4057 quae
1428 3985 1478 4041 005
1490 3985 1644 4058 patientia
1659 3989 1764 4048 fortis.

270 4073 1001 4150 Commissasanimasoequomoderaminelrenans,
1123 4079 1238 4134 lnvocat
1261 4078 1347 4148 atque
1373 4073 1476 4142 Deum,
1502 4073 1631 4132 redimit
1663 4077 1719 4152 qui
1749 4074 1881 4152 protinus

268 4166 398 4240 llartyris
417 4166 552 4222 aecclesiae
568 4164 673 4222 Christi
691 4165 744 4221 sub
760 4162 1001 4232 honoramenta,
1778 4167 1880 4236 pillum.

197 4321 202 4335 ,
268 4255 317 4310 list
329 4255 379 4327 qui
398 4254 541 4326 Pelagius,
558 4254 636 4310 canit
656 4255 689 4308 ut
702 4253 857 4324 scriptura,
875 4254 1001 4320 vocatus,
1123 4255 1317 4328 Soepiushunc
1332 4255 1413 4310 tanto
1426 4251 1483 4308 vidi
1498 4252 1620 4309 fluitare
1638 4255 1775 4328 periclo,

269 4341 355 4400 AEdes
369 4343 492 4398 inclusas
504 4358 538 4398 00
551 4345 613 4397 0050
631 4340 723 4396 limite
735 4343 841 4412 septas,
1122 4344 1159 4399 Ut
1172 4360 1276 4399 manns
1287 4343 1399 4398 hostilis
1413 4343 1532 4397 0000005
1544 4357 1619 4398 eum
1636 4360 1716 4400 voce
1732 4342 1883 4417 jocantis:

198 4431 250 4488 500
278 4431 355 4496 0000
377 4432 521 4485 structura
545 4428 624 4501 prins
650 4443 710 4484 non
736 4442 866 4500 congrua
890 4421 1103 4489 sustulitDtttt
1123 4431 1390 4504 Qnisoptaspaodet
1403 4433 1482 4486 miser
1495 4436 1532 4485 est
1542 4430 1611 4502 jam
1620 4433 1763 4505 perditus
1778 4433 1836 4502 itte,

903 4515 1000 4587 110100,
1121 4520 1251 4576 Hostibus
1266 4527 1291 4575 et
1303 4520 1378 4589 aas,
1393 4521 1425 4590 fit
1440 4520 1525 4574 100100
1534 4536 1658 4578 omarus
1674 4526 1807 4581 amicis!

268 4609 390 4666 Lumine
405 4623 493 4682 qnam
504 4623 593 4663 nemo
605 4605 768 4679 sapientum
780 4605 890 4662 viderat
905 4623 1000 4679 aequo.
1121 4611 1234 4666 1010000
1248 4607 1371 4664 Domino
1384 4608 1513 4664 01000000
1524 4607 1559 4662 00
1568 4615 1707 4681 pectore
1723 4615 1884 4686 prompto,

267 4697 381 4767 Dicens,
395 4697 471 4753 hene
485 4695 585 4753 studiis
598 4695 701 4752 fultam
712 4695 807 4750 minus
817 4712 879 4751 0000
890 4696 999 4767 peritis,
1121 4697 1227 4755 Omnia
1240 4695 1382 4764 sustinuit,
1396 4711 1494 4752 secum
1509 4695 1671 4768 patienter
1688 4705 1723 4756 et
1739 4702 1816 4775 egit.

265 4786 347 4842 Nune
362 4786 401 4842 sic
413 4785 574 4842 intormem
588 4788 672 4858 pater
685 4784 895 4842 instauraverat
909 4784 999 4854 idem,
1121 4787 1189 4843 Post
1206 4786 1353 4844 modicum
1368 4786 1509 4842 Dominus
1531 4787 1631 4860 venit,
1655 4792 1695 4847 tlt
1718 4795 1753 4848 et
1769 4793 1826 4848 iste
1844 4807 1889 4846 re·

265 4875 545 4949 AEquanspnlrereee
555 4874 1000 4948 glomeratnmpondusherenae
1715 4883 1893 4956 [demptum

194 4967 245 5023 505
261 4963 339 5021 Fecit
351 4963 544 5020 honorillcum
561 4961 689 5036 specioso
701 4962 833 5036 margine
844 4962 997 5035 templum.
1050 4967 1103 5023 550
1116 4964 1212 5022 Gloria
1226 4965 1303 5021 venit
1316 4965 1353 5034 el,
1374 4981 1442 5022 mox
1457 4966 1603 5021 erubuere
1623 4971 1775 5042 superbi.

262 5051 345 5108 llaud
356 5053 456 5126 procul
468 5052 537 5109 hinc
547 5051 652 5109 000000
667 5055 721 5121 001,
734 5049 825 5124 regali
841 5053 998 5108 stemmate
1119 5054 1226 5111 1110001
1243 5055 1281 5111 00
1294 5071 1418 5111 numero
1433 5054 1606 5129 pacientum
1636 5058 1768 5118 damna
1791 5061 1895 5128 beato,

860 5138 996 5212 15010000,
1118 5142 1190 5199 Cum
1212 5143 1336 5200 Domino
1354 5159 1479 5216 quornm
1496 5144 1564 5199 sunt
1586 5160 1704 5219 regna
1725 5151 1822 5206 beata
1841 5165 1895 5220 po·

260 5234 355 5292 Rebns
367 5235 396 5292 05
411 5235 473 5292 0050
488 5249 539 5290 000
551 5232 619 5289 satis
631 5229 835 5305 augustissima
847 5229 934 5299 laeta,
1768 5239 1898 5313 [torum.

848 5350 967 5408 vntttAE
990 5352 1187 5412 thC'ilONFS.

186 5533 210 5571 ω
223 5459 274 5539 ’,70
289 5471 375 5581 illigat
385 5454 493 5526 scripto.
506 5459 530 5495 ¹¹
548 5450 644 5508 Versns
657 5449 688 5503 10·
703 5455 754 5504 tres
769 5448 851 5505 rntro
865 5449 950 5507 colore
964 5454 1059 5526 serpet
1073 5460 1145 5507 snm.
1165 5461 1188 5496 ²⁹
1202 5451 1277 5507 Hine
1293 5451 1351 5509 otia
1363 5467 1446 5508 manu
1457 5452 1503 5510 srd
1514 5451 1648 5525 ejusdem
1672 5463 1740 5516 0001
1749 5465 1874 5534 perqr'tu
1888 5477 1902 5514 r

224 5543 243 5583 r.
256 5544 283 5587 e.
297 5542 330 5584 ve
352 5543 361 5580 ι
379 5567 386 5583 .

923 5601 1104 5616 w
