3882 6170
150 384 201 444 ios
717 350 1251 442 nnomun.-'v1rasaanou1s.
1759 381 1812 441 alo

148 511 282 578 occurrit,
303 527 392 584 quem
417 505 488 566 dum
512 508 634 566 transire
664 513 739 566 esset
767 526 894 577 necesse,
910 509 952 565 vir
962 513 990 573 Α
1006 507 1031 563 ei
1048 508 1193 581 adjaceret
1208 508 1351 581 planities,
1366 508 1411 564 cui
1432 508 1565 565 conditor
1590 507 1739 581 municipii
1756 504 1813 564 vel'

146 601 196 656 Dei
206 599 337 667 lintrem,
350 615 413 670 quoe
426 599 583 672 perexigua
591 599 639 654 illo
650 599 773 654 babclur
783 599 812 654 in
824 599 951 666 fluviolo,
1004 601 1034 652 ut
1044 597 1162 669 qnidam
1179 599 1289 665 volunt,
1305 597 1438 663 civitatis,
1452 598 1555 652 turrim
1570 596 1688 668 quadris
1703 595 1805 670 lapidi·

146 689 213 744 dum
224 688 951 756 ascendit,eaintrorsusaiatosolittorerclabeato,
1003 686 1056 741 bus
1086 689 1259 740 exstructam
1288 686 1430 758 opposuit,
1457 703 1522 758 qum
1553 702 1629 739 nunc
1658 685 1808 740 ruinarum

145 777 261 848 cingulo
278 780 362 832 tenus
372 793 446 849 pene
460 778 605 850 inaquam
616 777 732 832 decidit.
744 778 845 833 Mirum
858 774 949 831 diclui
1003 775 1208 829 tantummodo
1216 791 1333 829 suarum
1342 773 1449 829 indicia
1459 774 1679 846 proelertlgitur
1688 777 1747 828 tam
1756 775 1808 828 bu-

145 866 432 938 vestigiispaululum
445 865 952 940 madefactis,inreliquisindumen·
999 862 1809 935 jusquamcutenorumaedilleiorumdirutosparietcs‚et

144 954 182 1008 tis
192 954 237 1008 vix
248 954 344 1009 tenuis
355 955 489 1027 apparuit
499 955 810 1011 bumon'lransmcato
820 955 952 1009 saneboc
1002 952 1173 1024 perderem
1194 953 1284 1007 totius
1300 952 1407 1008 montis
1429 954 1520 1008 latera
1547 953 1666 1024 propter
1690 951 1806 1008 flrmam

143 1041 265 1112 pessimi
275 1058 408 1098 occursus
420 1046 559 1112 torrente,
569 1046 684 1115 postero
701 1042 792 1098 diend
808 1047 951 1098 monaste·
1003 1041 1138 1096 caementi
1154 1040 1340 1096 tenacitatem
1361 1041 1567 1114 dependentes,
1580 1041 1670 1096 borno
1680 1040 1730 1095 Dei
1742 1058 1809 1096 con-

144 1131 220 1185 rium
237 1132 356 1203 lingulae
371 1135 500 1189 ventum.
519 1133 552 1185 Et
567 1131 661 1203 primo
678 1131 796 1203 quidem
812 1132 869 1199 die,
886 1147 952 1186 cum
1003 1131 1127 1200 spiratus
1143 1130 1360 1201 admiransque,
1375 1132 1440 1186 laeto
1467 1129 1549 1186 nobis
1569 1130 1700 1186 arridens
1715 1133 1805 1200 vultu,

145 1219 242 1292 quiete
254 1224 443 1290 manserunt;
460 1221 587 1276 secundo
608 1237 689 1288 sane,
703 1221 781 1276 inter
796 1225 910 1276 nostros
924 1224 953 1275 et
1004 1219 1092 1273 iniit:
1120 1243 1134 1270 «
1151 1221 1310 1280 Potentior,
1327 1220 1471 1292 inquiens,
1489 1237 1566 1274 nunc
1593 1237 1657 1275 sum
1686 1221 1806 1276 domino

143 1309 306 1364 Goascones
326 1310 458 1382 jurgium
478 1314 599 1383 propter
625 1310 734 1365 cibaria
758 1325 899 1382 equorum
916 1309 952 1364 ad
1005 1311 1183 1379 nostrorege
1199 1309 1375 1363 Francorum
1392 1308 1467 1362 intra
1482 1309 1534 1363 bos
1547 1309 1629 1376 lines,
1648 1308 1695 1363 ubi
1712 1310 1807 1364 nullus

145 1414 299 1470 vesperum
321 1403 419 1454 ortum
434 1399 535 1471 vixque
549 1417 566 1454 a
580 1398 740 1470 maioribus
751 1399 882 1454 sedatum
899 1401 951 1452 est.
1004 1396 1065 1466 ejus
1078 1401 1192 1452 veretur
1204 1396 1378 1463 dominium,
1396 1397 1484 1450 talem
1511 1397 1659 1468 possidens
1675 1397 1806 1452 domum.

145 1483 229 1548 Ouod
236 1485 285 1540 ubi
299 1485 498 1542 incrastinum
509 1486 865 1557 venerabilispatcrdbbo
876 1503 953 1541 eom·
1004 1483 1060 1539 Sed
1073 1485 1129 1540 heu
1146 1485 1333 1557 prohdolor!
1351 1486 1435 1541 alitcr
1448 1502 1536 1558 quam
1550 1487 1575 1541 ei
1587 1503 1619 1542 ac
1635 1485 1719 1541 nobis
1738 1487 1805 1541 utile

144 1574 230 1647 perit,
245 1590 311 1629 suos
325 1575 515 1630 vehementer
535 1575 686 1647 redarguit
705 1592 756 1630 cur
781 1574 909 1630 inermes
924 1577 954 1628 et
1004 1575 1068 1640 luit,
1079 1575 1164 1647 hujus
1179 1575 1234 1631 loci
1248 1577 1404 1648 parabatur
1416 1576 1566 1648 possessio.

145 1661 439 1719 interinlensamsibi
451 1668 571 1736 gentem
585 1663 789 1731 bellacieront,
803 1663 953 1718 monebat·
1038 1664 1168 1735 Denique
1185 1664 1379 1735 malignorum
1394 1664 1481 1720 factio
1504 1663 1553 1736 qui
1582 1663 1637 1719 illis
1652 1679 1724 1736 quos
1745 1663 1807 1735 ipse

144 1766 199 1822 que
215 1751 390 1822 patientiam
401 1769 522 1820 servare,
535 1753 627 1808 donee
641 1753 701 1824 ipse
717 1769 782 1808 cnm
799 1751 903 1807 cornito
919 1768 951 1806 ac
1003 1756 1118 1807 sanctus
1133 1756 1215 1823 paler
1225 1753 1407 1808 adeumdem
1422 1751 1541 1808 miserat
1555 1754 1651 1808 locum
1665 1753 1809 1825 irrogave-

142 1841 196 1895 loci
213 1841 356 1896 advocato
372 1843 588 1914 colloqueretur
602 1843 653 1914 qui
666 1842 728 1913 jam
743 1842 863 1914 jamque
879 1840 950 1895 aliu·
966 1841 1210 1935 Brantinjorias,
1222 1841 1252 1896 in
1266 1841 1370 1912 idjam
1387 1841 1601 1913 conspiraverat
1617 1843 1657 1910 ot,
1667 1859 1701 1896 ex
1717 1841 1807 1914 quali·

142 1926 200 1982 turi
213 1927 421 1984 credebantur.
436 1931 508 1985 Tum
538 1931 658 1985 demum
683 1945 950 2002 summorumque,
1004 1929 1054 1984 bct
1078 1930 1228 1985 occasione
1251 1933 1397 1985 commoto
1423 1930 1560 1998 tumultu,
1578 1933 1660 1986 tanta
1684 1929 1809 1984 iamulos

144 2031 215 2087 quos
221 2015 474 2089 primitusibidem
483 2017 650 2089 reliquerat,
662 2017 782 2089 injurias
790 2018 827 2072 ad
838 2017 951 2073 libitum
1004 2017 1091 2088 ipsios
1099 2018 1183 2073 caedis
1191 2020 1371 2075 contumelia
1379 2018 1517 2085 alliceret,
1525 2021 1727 2090 quatenusnee
1735 2017 1806 2088 ipse,

145 2105 239 2159 ultum
250 2104 285 2158 iri
303 2104 501 2176 pollicebatur.
519 2105 567 2160 ilis
580 2123 612 2161 ac
625 2107 766 2162 similibus
781 2106 875 2162 verbis
886 2123 951 2162 suo·
1004 2123 1057 2161 nec
1068 2107 1189 2179 quilibet
1201 2109 1283 2175 alter,
1292 2124 1341 2162 eos
1351 2107 1471 2162 ulterius
1482 2107 1561 2162 adire
1578 2106 1707 2161 auderet.
1725 2105 1808 2170 Quod

147 2208 211 2247 rum
220 2193 397 2250 furibundos
404 2195 503 2250 sedare
514 2195 773 2251 tentabatanimos.
785 2196 852 2250 Erat
862 2214 896 2252 ea
906 2196 952 2251 die
1004 2213 1072 2251 vcro
1092 2199 1213 2251 nortem
1227 2196 1302 2251 illius
1325 2197 1402 2251 inter
1417 2196 1499 2251 dolos
1513 2195 1680 2251 machinata
1698 2195 1806 2249 sitnon

146 2281 266 2336 celebris
280 2281 412 2338 universo
424 2283 486 2339 orbi
499 2284 575 2340 beati
587 2284 731 2355 pontilicis
746 2285 953 2340 MartiniToro-
1004 2301 1071 2339 rere
1084 2286 1183 2352 scitur,
1201 2284 1254 2340 nisi
1269 2285 1337 2358 quia
1351 2284 1437 2356 isqui
1457 2302 1523 2340 eum
1546 2285 1718 2355 percussisse
1734 2283 1806 2338 dioi-

148 2369 203 2424 nici
218 2370 401 2436 solemnitas,
418 2375 447 2426 et
472 2375 585 2427 sanctus
612 2373 655 2426 vir
680 2389 789 2445 magna
812 2373 905 2428 cordis
921 2389 953 2428 ac
1005 2376 1052 2428 tur
1065 2372 1095 2427 in
1111 2372 1208 2444 jurgio
1228 2373 1332 2429 nostris
1348 2373 1450 2428 dixisse
1477 2373 1571 2427 fertur
1594 2370 1756 2445 pronihilo
1778 2388 1808 2428 so

150 2457 276 2531 eorporis
290 2459 439 2513 alacritate
450 2458 603 2515 missarum
621 2460 723 2515 festiva
738 2460 892 2515 celebravit
907 2477 952 2515 so·
1005 2461 1109 2517 ducere
1120 2462 1142 2517 si
1153 2463 1254 2518 lancea
1264 2465 1395 2517 ventrem
1405 2463 1466 2533 ejus
1475 2461 1811 2518 transforaretsecunda

152 2545 268 2601 lemnia.
286 2545 407 2610 Quadis
431 2551 458 2602 et
473 2548 614 2621 sequenti,
632 2565 695 2620 quas
711 2548 863 2604 [lominica
888 2549 952 2612 luit,
1005 2550 1094 2623 igitur
1107 2550 1190 2618 teria,
1205 2567 1262 2622 qua
1274 2551 1365 2606 sancti
1382 2549 1554 2606 confessoris
1570 2549 1653 2606 Brieii
1669 2551 1810 2623 agebatur

152 2633 227 2689 idem
243 2634 295 2690 Dei
310 2636 437 2692 famulus
450 2637 543 2700 nobo,
558 2642 622 2710 post
641 2639 731 2694 sancti
756 2638 887 2694 sacrificii
903 2656 954 2711 per
1005 2639 1153 2706 festivitas,
1166 2640 1354 2706 monachum,
1368 2640 1416 2711 qui
1431 2641 1484 2695 bos
1501 2656 1562 2694 esse
1583 2640 1733 2695 dicebatur
1748 2657 1810 2696 ma-

50 2745 52 2767 i
154 2723 954 2799 seipsumoblationemaccorporisrelectionem,mon·
1005 2727 1809 2800 chiuatusdolos,sanctospaternosterdbboincrcpare
1897 2731 1900 2740 “

154 2813 212 2865 tem
226 2811 254 2867 in
266 2829 323 2884 quo
334 2815 546 2871 monasterium
558 2816 646 2871 situm
658 2819 701 2871 est
714 2817 842 2888 undique
855 2817 952 2888 perlu·
1006 2815 1102 2887 coepit,
1113 2815 1201 2887 quod,
1210 2816 1272 2871 sine
1284 2816 1345 2886 ejus
1354 2815 1470 2870 licentia
1480 2816 1514 2870 de
1528 2816 1705 2872 monasterio
1715 2834 1808 2888 egres·

156 2903 255 2968 straus,
269 2901 389 2958 laudare
416 2903 501 2958 simul
524 2920 557 2959 ac
572 2904 671 2960 mirari
694 2921 752 2960 non
778 2907 872 2961 solum
898 2904 953 2960 loci
1006 2921 1062 2973 sus,
1078 2905 1156 2960 loras
1181 2905 1356 2959 manducare
1373 2904 1610 2977 praesumpsisset.
1628 2905 1677 2960 llic
1691 2906 1808 2961 Anazan

54 3026 56 3067 ἱ
156 2987 446 3059 flnnitatem,verum
472 2991 560 3048 etiam
585 2994 777 3050 maximorum
804 2993 955 3066 quaeinibi
1007 2994 1126 3048 nomine
1139 2991 1426 3064 dicebaturproprio,
1436 2995 1523 3064 gente
1534 2993 1718 3048 barbarusac
1731 3009 1811 3048 voca-

154 3075 665 3136 iuerautaedificiorumiundamenta
678 3084 773 3155 coepit.
787 3083 895 3138 Horum
905 3082 957 3137 ita·
1007 3081 1146 3146 baldoni
1159 3082 1229 3136 dnm
1244 3081 1335 3136 sancti
1349 3080 1401 3135 viri
1415 3081 1644 3154 increpationem
1659 3097 1689 3136 se
1702 3080 1812 3153 patien-

156 3181 209 3236 que
226 3167 357 3222 locorum
370 3168 467 3236 situm,
482 3187 499 3224 a
523 3172 622 3225 sancto
637 3171 698 3227 viro
713 3171 875 3239 laudatam,
893 3171 990 3232 suc-C
1007 3169 1138 3226 terferre
1153 3170 1282 3237 simulat,
1296 3169 1346 3225 sed
1359 3169 1610 3225 circumstantibus
1621 3168 1812 3226 contumaciae

155 3253 955 3333 dactimlilterismandareopportunumlorecredimos.
1007 3258 1095 3313 verba
1111 3259 1277 3331 respondet,
1286 3258 1380 3314 subito
1397 3258 1511 3313 auditur
1519 3259 1630 3314 clamor
1643 3257 1811 3324 mulierum,

189 3343 315 3398 Camilli.
331 3344 525 3415 Repulaesitus.
543 3346 752 3419 Cassiacqitum.
767 3349 957 3422 Requleasium
1003 3347 1087 3418 juxta
1102 3364 1215 3404 morem
1232 3347 1492 3420 (augentianum,
1511 3348 1558 3403 ubi
1588 3347 1691 3404 seditio
1718 3346 1811 3404 oritur

150 3431 238 3500 factio
252 3435 279 3486 in
301 3433 452 3490 Abtouem.
476 3436 597 3492 Abbouis
620 3439 714 3509 playa.
728 3438 865 3495 interitus.
883 3439 957 3495 Suli-
1008 3441 1145 3492 autmors
1157 3436 1285 3493 hominis
1297 3436 1811 3508 intervenit,conclamantium.Tum

151 3523 278 3578 uasorum
292 3523 383 3593 [uror.
399 3524 520 3580 Albanus
532 3527 626 3596 sunus.
640 3527 785 3600 Sepultura
799 3546 860 3584 eum
873 3529 956 3585 solitis
1007 3525 1055 3581 ille
1067 3526 1271 3598 perfidus,solo
1285 3527 1405 3582 nomine
1421 3528 1591 3596 monachus,
1604 3527 1640 3582 ad
1651 3542 1701 3582 eos
1716 3525 1765 3598 qui
1780 3542 1811 3581 se

151 3611 956 3692 raudus-idonasteriumRegulae,inbonoreprincipis
1007 3615 1233 3671 circumstabant
1256 3615 1347 3671 iniit:
1376 3616 1496 3684 «Nunc,
1526 3615 1670 3687 inquiens,
1700 3614 1813 3670 dicetur

148 3701 349 3772 apostolorum
368 3703 427 3757 Deo
442 3701 580 3766 dicatum,
596 3705 626 3760 in
642 3709 742 3761 monte
758 3711 800 3762 est
817 3707 953 3778 positum.
1007 3719 1072 3758 meo
1085 3704 1198 3759 monitu
1212 3704 1267 3759 boc
1282 3721 1342 3760 esse
1356 3707 1450 3760 ortum
1462 3705 1641 3760 scandalum.
1655 3725 1668 3754 n
1687 3702 1810 3776 Cuiqui-

148 3790 203 3854 Qui
232 3790 503 3848 noeticetmonsa
531 3793 624 3850 tribus
644 3797 791 3865 lateribus,
808 3797 953 3864 orientari,
1006 3792 1073 3847 darn
1085 3809 1117 3846 ex
1128 3792 1171 3846 bis
1187 3792 1235 3863 qui
1251 3794 1387 3848 ederant:
1407 3815 1420 3844 a
1436 3793 1536 3874 Si‚ait‚
1551 3791 1808 3859 idmetuis,nobis·

147 3880 308 3951 aquilonali
325 3883 355 3935 et
368 3881 549 3951 occidentali,
565 3884 627 3939 aliis
641 3886 768 3958 cingitur
788 3887 952 3956 montibus;
1005 3897 1071 3936 cum
1082 3881 1118 3936 cd
1129 3881 1181 3937 bos
1194 3881 1337 3937 sedandos
1348 3881 1523 3953 progredere
1536 3887 1642 3936 motus.
1653 3880 1758 3935 Verum
1774 3895 1808 3935 eo

146 3986 163 4024 a
178 3969 303 4024 meridia
316 3971 452 4027 Garonna
467 3973 589 4028 saliatur
602 3975 722 4031 ilumine
738 3975 954 4049 periculosaque
1005 3969 1168 4038 differente,
1185 3969 1222 4024 ad
1237 3973 1350 4025 110⁸lr0⁵
1377 3970 1579 4042 reprimendffl
1593 3970 1617 4024 is
1631 3970 1679 4042 qui
1695 3969 1808 4024 monita

145 4058 235 4112 vallis
246 4059 394 4130 voragine.
406 4060 449 4114 ab
465 4061 576 4117 oriente
588 4061 664 4119 inter
678 4063 772 4138 ipsum
790 4067 819 4120 et
829 4066 953 4121 alterum
1005 4059 1125 4115 dederat
1149 4058 1254 4114 cursim
1282 4059 1476 4130 prOgrediiur·
1493 4058 1584 4114 Causa
1609 4061 1708 4112 aulem
1735 4059 1807 4112 ΟΜ

145 4151 283 4202 montem
298 4148 379 4203 valiis
394 4149 488 4206 existit
513 4157 701 4224 perangusta,
716 4169 769 4225 per
784 4171 872 4226 quam
887 4154 952 4208 lons
1003 4147 1152 4203 seditionis
1162 4149 1222 4202 baec
1232 4148 1376 4203 eraclam
1390 4145 1601 4218 Francisquam
1611 4145 1807 4202 Guasconibus

147 4237 241 4302 meat,
257 4253 345 4307 quam
373 4237 475 4294 incoiae
489 4240 635 4296 Mosellam
662 4244 848 4314 nuncupant;
865 4243 951 4298 simili
1002 4254 1032 4292 sc
1045 4238 1198 4293 alterutros
1212 4236 1347 4292 conviciis
1361 4237 1575 4303 lacessentibus,
1592 4252 1665 4291 unus
1681 4235 1806 4290 Franco·

146 4322 240 4378 modo
254 4325 289 4379 ab
304 4325 453 4383 occidente
469 4329 585 4384 alterius
600 4330 689 4385 fontis
716 4331 818 4402 rapido
835 4331 952 4386 alluitur
1001 4343 1077 4394 rum,
1091 4326 1215 4381 nimium
1227 4325 1383 4398 impatiens
1394 4325 1512 4381 convicii
1524 4323 1644 4381 domino
1660 4341 1710 4380 suo
1722 4323 1805 4392 illati,

146 4427 245 4474 cursu,
260 4415 303 4467 cui
315 4414 390 4470 ltosa
402 4432 510 4471 nomen
525 4422 577 4472 est.
595 4419 660 4473 Haec
676 4419 797 4475 nomina
809 4419 951 4476 aFrancis
962 4423 988 4481 D
1001 4416 1226 4472 conviciatorem
1241 4415 1343 4471 baculo
1370 4414 1445 4470 inter
1459 4413 1600 4470 cervicem
1624 4416 1653 4469 et
1675 4413 1806 4487 scapulas

146 4500 207 4554 illis
219 4500 351 4574 imposita
365 4505 561 4569 estimantur,
576 4506 625 4579 qui
646 4525 663 4562 a
676 4508 779 4581 Magno
794 4509 895 4565 Carula
914 4510 951 4565 nd
1000 4504 1178 4560 ictumbumi
1184 4503 1613 4576 prostravitEoprostrato,tam
1620 4501 1710 4558 nostri
1718 4517 1806 4575 (quam

147 4588 301 4645 tuitionem
330 4592 485 4664 provinciae
509 4594 548 4650 ibi
576 4595 667 4651 relicti
686 4600 761 4652 sunt.
776 4598 838 4652 Non
862 4598 950 4670 longe
1001 4593 1127 4649 seditiosi
1142 4597 1238 4649 semet
1251 4596 1351 4648 mutuo
1376 4593 1506 4665 lapidare
1522 4592 1805 4665 coeperunt.lnterea

150 4679 257 4750 quippe
283 4681 322 4736 ibi
337 4683 419 4738 abest
442 4685 583 4755 palatium
599 4685 687 4758 ipsius
699 4688 799 4758 magni
814 4687 950 4760 principis
1000 4682 1043 4738 vir
1053 4682 1168 4739 Domini
1185 4683 1277 4751 Abbo,
1292 4683 1370 4738 intra
1382 4683 1539 4738 claustrum
1554 4681 1723 4738 monasterii
1738 4681 1808 4737 resi-

150 4767 370 4840 Cassinogilum,
386 4771 437 4826 sed
451 4771 533 4844 quasi
559 4773 650 4830 tribus
676 4775 827 4842 milliariis,
843 4777 872 4831 in
892 4792 949 4848 quo
1001 4772 1073 4828 dens
1100 4775 1129 4827 et
1146 4772 1286 4845 quasdam
1316 4771 1446 4843 computi
1461 4771 1639 4828 ratiunculas
1657 4771 1803 4840 dictitans,

151 4854 515 4930 idemimperatoruxorem
525 4863 754 4932 sunm,Ludorici
764 4865 947 4933 Piimatrem,
999 4861 1240 4917 tumultuantium
1250 4863 1376 4916 clamore
1385 4860 1529 4930 exaudito,
1541 4861 1618 4916 loros
1628 4860 1663 4915 ab
1674 4860 1806 4916 interiori

152 4945 297 5014 maldam
309 4949 438 5021 reliquit,
453 4950 522 5005 dum
537 4953 639 5007 contra
649 4951 822 5008 Sarracenos
837 4953 950 5026 expedi·
999 4950 1108 5005 montis
1118 4954 1199 5023 parte
1214 4948 1409 5021 progreditur,
1422 4954 1451 5004 ct
1466 4949 1502 5004 ad
1511 4950 1714 5022 reprimendos
1727 4967 1803 5019 snos,

154 5032 259 5089 tionem
270 5035 446 5110 inilispaniis
460 5044 569 5112 ageret.
579 5041 660 5106 Quod
673 5045 703 5096 ct
713 5041 872 5097 Heinardus
883 5041 948 5096 vitas
1000 5037 1207 5111 quisuperiora
1221 5041 1433 5109 occupaverant
1442 5040 1514 5105 loca,
1528 5037 1679 5107 testinans,
1691 5039 1727 5094 ab
1746 5056 1804 5094 uno

156 5119 229 5176 illius
242 5125 346 5182 relator
369 5127 478 5191 scribit,
494 5131 522 5182 et
537 5147 589 5184 nos
608 5129 638 5183 io
652 5129 725 5186 libro
741 5131 947 5187 miraculorum
1000 5127 1220 5199 advorsaepartis
1231 5127 1805 5183 satellitelanceatamvalidevulneratur

158 5212 242 5265 sancti
253 5215 496 5286 patrisBenedicti
507 5218 632 5272 breviter
646 5219 846 5291 expressimus.
859 5221 948 5275 Locus
1000 5217 1030 5273 in
1042 5218 1113 5274 laevo
1125 5219 1233 5273 lacerto
1244 5221 1276 5272 ut
1291 5217 1429 5272 interiora
1443 5219 1588 5292 costarum
1603 5216 1739 5272 adactum
1750 5233 1800 5288 pe-

156 5314 221 5354 saoe
235 5301 345 5375 lingulae
356 5305 393 5360 ob
406 5322 491 5378 supra
504 5305 612 5362 dictam
621 5307 795 5380 positionem
807 5324 865 5363 non
878 5308 947 5363 laci·
999 5309 1128 5363 netrarct
1138 5307 1259 5362 terrum.
1276 5307 1329 5372 uui
1342 5323 1493 5379 purcussus
1510 5323 1569 5362 non
1581 5306 1726 5375 clamavit,
1743 5321 1802 5360 nou

156 5386 946 5470 lehoslinmpatuissetaccessui,nisiabaquilonepnrva
1000 5397 1139 5464 titubavit,
1163 5400 1213 5452 aut
1236 5396 1401 5451 cadentium
1431 5412 1513 5452 more
1537 5395 1599 5449 loco
1624 5397 1720 5450 motus
1744 5397 1799 5464 est,

56 5638 63 5715 p
151 5589 325 5740 fiblllsllblteaaqc·
344 5607 449 5723 ppccm
464 5609 524 5654 esse
538 5591 657 5651 Blatere
678 5610 712 5654 cx
725 5593 837 5654 Pithoeo
850 5594 983 5653 observat
1003 5591 1121 5651 illustria
1136 5597 1236 5652 Petrus
1252 5594 1287 5652 de
1301 5593 1395 5651 iturea
1422 5592 1452 5649 in
1467 5591 1607 5650 ilistoriae
1627 5589 1812 5670 Bearneusis
