3952 6176
137 377 178 438 rot
641 372 803 432 HISTORIA
815 367 1040 431 rennuenda.
1053 401 1088 416 -
1107 373 1172 432 ΗΒ.
1187 374 1231 432 Ν.
1710 379 1765 438 'tdd

132 503 215 557 lanan
226 495 402 568 moliebatur,
409 495 531 570 siposset
539 495 720 571 sigebertum
732 494 942 560 TheodericiA
956 495 1061 566 quibus
1071 511 1124 569 par
1135 495 1230 555 inerat
1248 497 1398 571 pugnandi
1415 497 1686 558 allectuscloturius
1699 514 1767 574 post

130 589 202 647 illium
223 603 315 658 regne
335 603 507 660 preponere
526 587 748 644 austrasiorum.
774 585 902 651 Ouatuor
955 603 1004 643 eos
1019 586 1158 658 paulatim
1183 586 1238 642 iter
1256 587 1374 659 iaciens,
1391 591 1489 662 utpote
1504 589 1553 662 qui
1577 589 1688 646 nullum
1716 607 1764 648 eo·

130 693 234 750 namque
246 676 435 732 Theudoricus
445 693 478 731 ex
487 676 634 746 pellicibus
644 679 807 746 susceperat
817 675 901 744 lilios,
953 692 1018 732 rum
1035 676 1157 749 perdere
1174 677 1326 748 gestiebat,
1340 695 1412 752 quos
1430 695 1496 734 suos
1509 678 1572 736 lore
1587 679 1762 750 confidebat,

128 782 229 841 quorum
251 763 302 820 ista
326 767 393 820 sunt
415 765 549 819 nomina:
576 764 751 836 sigebertus,
780 763 902 830 Corbus,
952 763 1067 820 Ararim
1087 781 1176 836 usque
1199 765 1393 838 fluvium‚qui
1421 783 1496 823 nune
1518 767 1762 840 Sagonedicitur,

128 855 300 912 Childebertus
318 856 404 925 atque
419 853 573 908 ltleroveus.
589 852 646 909 Sed
660 853 728 925 quia
740 853 825 908 erunt
839 867 901 907 me·
953 853 1095 926 pervenit,
1109 852 1258 925 captisque
1278 854 1370 910 tribus
1392 853 1562 911 Theoderici
1589 855 1664 924 liliis,
1681 855 1762 929 Sige-

125 949 192 1000 lemo
202 945 284 998 latere
294 940 390 996 minus
411 940 532 1008 nobiles,
543 941 579 996 ad
590 940 903 1014 regniquoqueguber-
953 942 1048 1008 berlo,
1064 938 1157 996 Corbo
1171 942 1257 1012 atque
1275 942 1405 998 lleroveo
1422 942 1502 1014 (nam
1514 945 1762 1016 quartus,nornine

127 1033 211 1087 nacula
228 1029 444 1085 estimabantur
459 1028 521 1083 lore
535 1028 672 1101 impares.
686 1027 778 1084 Simul
793 1027 860 1099 quia
874 1031 904 1082 et
954 1029 1165 1098 childebertus,
1179 1027 1305 1102 pernicis
1324 1031 1392 1101 equi
1419 1031 1544 1088 subsidio
1570 1049 1636 1088 usus
1662 1032 1761 1104 proelio

24 1157 26 1178 t
125 1117 296 1175 Brunechildis
310 1117 401 1172 electo
415 1133 473 1172 uno
485 1117 523 1171 ad
538 1116 664 1188 speciem
679 1114 832 1188 regnandi,
843 1131 903 1170 non
954 1120 1076 1190 elapsus,
1091 1131 1234 1188 nusquam
1258 1118 1446 1188 postmodum
1461 1121 1505 1174 est
1518 1118 1710 1191 repertus)‚ad
1724 1120 1763 1176 vi-

124 1207 283 1280 potestatem‚
310 1219 432 1258 summes
460 1204 501 1259 rei
515 1203 727 1260 sollicitudinen
743 1203 796 1258 sibi
810 1219 902 1258 reser-
955 1222 1021 1263 cum
1038 1205 1130 1262 iliona
1146 1221 1231 1277 super
1242 1205 1422 1262 Vincennam
1436 1207 1547 1263 flumen
1562 1207 1649 1263 silum
1663 1207 1760 1265 rediit.

123 1310 175 1348 raro
197 1292 262 1348 selle
288 1291 516 1363 intelligebatur:
546 1294 575 1348 et
603 1291 740 1364 primates
775 1290 901 1346 Franciae
939 1294 1053 1367 tibique
1068 1292 1760 1368 instantiaWarnariivelcaeterorumprocerum

121 1383 187 1435 tanto
200 1383 327 1452 tempore
344 1379 472 1434 femineo
488 1378 650 1434 dominatui
670 1377 902 1450 dedignabantur
952 1382 978 1438 ei
989 1381 1159 1448 faventium,
1176 1381 1374 1437 Brunechildis
1395 1398 1461 1438 eum
1475 1383 1759 1440 Theudelanai'heo·

121 1465 210 1538 subjici.
225 1467 316 1534 tlnde,
334 1466 530 1522 adnitentibus
544 1466 664 1522 hrnullo
681 1470 766 1538 atque
778 1465 900 1536 Pippino
952 1469 1042 1526 dorici
1057 1469 1247 1543 germane‚de
1261 1485 1336 1542 pago
1348 1470 1543 1540 ultrajurano,
1559 1469 1759 1540 sillaUrbana,

25 1551 26 1589 i
118 1555 246 1610 lmhmiae
283 1553 467 1626 primoribus,
505 1554 644 1610 Clotarius
681 1554 899 1626 Captonnaeum
952 1559 988 1615 ab
1004 1558 1118 1629 Erpone
1133 1557 1275 1629 regalium
1290 1557 1444 1630 preposito
1453 1573 1594 1630 equorum
1601 1560 1759 1631 protracta,

119 1659 191 1714 usque
200 1641 323 1698 accessit.
335 1640 533 1696 brunechildis
550 1641 580 1696 in
591 1641 748 1697 Warmatia
761 1643 899 1710 residens,
952 1645 1077 1702 clotario
1094 1647 1296 1718 presentatur.
1312 1647 1342 1699 ln
1357 1645 1439 1716 cujus
1452 1649 1606 1719 conspectu
1619 1644 1761 1702 Clotarius

118 1731 165 1801 ejus
176 1730 265 1786 audito
288 1729 423 1796 adventu,
445 1729 482 1784 ad
506 1746 573 1784 eum
588 1729 697 1800 dirigit,
709 1730 855 1786 obtestans
870 1734 903 1786 ut
951 1735 1135 1807 sigebertum
1151 1749 1183 1788 ac
1205 1732 1330 1788 Corbum
1357 1733 1419 1803 ejus
1437 1737 1568 1805 nepotes,
1582 1731 1760 1790 Theoderico

117 1818 145 1872 de
158 1834 239 1890 regno
253 1816 424 1873 Theoderici
440 1817 517 1890 quod
537 1817 603 1872 liliis
614 1817 771 1890 reliquerat
789 1819 901 1874 secede·
913 1803 939 1866 Β
950 1821 1129 1897 progenitos,
1134 1820 1263 1892 jugulari
1271 1820 1364 1892 jussit.
1376 1822 1538 1878 lderoveum
1546 1830 1627 1886 lero,
1638 1820 1684 1877 cui
1697 1821 1759 1894 ipse

114 1909 158 1962 ret.
187 1905 324 1962 Clotarius
337 1904 497 1977 ‘respondit
524 1926 537 1956 u
563 1907 737 1961 conventum
759 1906 900 1962 nobilium
951 1915 1034 1986 pater
1048 1908 1203 1982 spiritualis
1215 1908 1245 1964 in
1260 1908 1405 1979 baptismo
1416 1909 1511 1965 luerat
1521 1908 1758 1981 datus‚1ngobodi

117 1993 205 2048 debere
229 2010 295 2049 earn
322 2009 482 2066 aggregare
501 1993 677 2048 Francorum
699 1997 728 2050 et
751 1996 900 2050 communi
951 1996 1106 2070 graphioni
1131 1996 1340 2052 commendans
1372 1995 1402 2050 in
1430 1997 1597 2069 Neptricum
1626 1996 1757 2069 perduci,

114 2083 217 2138 bacatu
231 2081 267 2138 de
280 2080 487 2136 communibus
501 2082 652 2136 consulere
674 2082 776 2151 rebus3
787 2098 817 2136 se
831 2098 899 2139 sero
951 2091 1038 2159 atque
1062 2085 1102 2140 ibi
1128 2084 1232 2140 nutriri
1255 2084 1478 2140 clementissime
1492 2083 1651 2139 mandavit.
1667 2085 1757 2141 Porro

112 2168 202 2238 judicro
221 2170 340 2226 illorum
359 2168 390 2225 in
415 2169 549 2226 omnibus
566 2170 739 2243 pariturum,
755 2187 808 2228 uec
825 2187 899 2242 prm·
951 2173 1172 2231 Brunechildem
1197 2171 1365 2245 praesentari
1380 2171 1433 2228 sibi
1448 2171 1630 2244 precipiens,
1646 2173 1759 2228 mtante

24 2303 26 2306 .
113 2257 186 2328 ceptis
207 2257 343 2329 promisit
357 2257 541 2313 obstiturum.
561 2276 578 2310 s
593 2258 788 2314 Brunechildis
807 2259 900 2315 serbis
950 2261 1136 2318 multitudiue
1154 2259 1306 2328 exereitus,
1327 2259 1377 2332 qui
1389 2275 1448 2316 non
1463 2260 1555 2316 solum
1569 2275 1603 2314 ex
1616 2259 1757 2329 Neustria,

113 2359 136 2398 se
148 2343 233 2418 decipi
244 2344 492 2414 animadvertens,
504 2345 591 2401 misso
613 2346 644 2401 in
670 2347 847 2418 Thuringum
861 2347 901 2404 Si·
949 2367 1051 2408 verum
1067 2349 1155 2405 etiam
1171 2363 1205 2404 ex
1219 2348 1332 2404 nustria
1346 2348 1403 2404 sive
1430 2346 1596 2419 burgundia
1619 2363 1759 2406 convene·

111 2431 214 2502 goberto
223 2432 397 2489 theodorici
408 2432 614 2504 primogenito,
626 2439 727 2505 gentes
740 2434 826 2490 etiam
835 2451 899 2507 quae
950 2443 1026 2504 rant,
1043 2443 1161 2511 accepta
1175 2437 1357 2507 auctoritate,
1373 2453 1430 2509 quo
1439 2437 1535 2493 minus
1548 2434 1614 2492 odia
1625 2439 1760 2510 tegerent

111 2522 178 2575 haus
190 2521 325 2576 Rhenum
338 2520 470 2576 habitant
479 2520 515 2576 ad
521 2521 589 2576 belli
598 2521 766 2578 societatem
779 2522 900 2578 invitare
951 2544 1016 2602 quoe
1030 2526 1165 2583 adversus
1179 2525 1366 2597 samjamdiu
1380 2525 1479 2580 animo
1491 2528 1695 2596 conceperant,
1706 2541 1759 2598 per

111 2609 234 2666 tentabat.
246 2609 322 2664 Cum
338 2623 394 2680 quo
406 2611 435 2663 et
448 2609 630 2666 lt'arnarium
644 2611 901 2683 majoremdomus
950 2616 1081 2672 triduum
1096 2613 1215 2670 diversis
1230 2628 1295 2668 eam
1312 2611 1397 2685 jussit
1417 2612 1573 2669 tormentis
1598 2612 1684 2681 allici,
1710 2629 1758 2670 oa·

110 2696 512 2769 achlboinumeproceribns
525 2697 646 2754 austriae
671 2699 901 2771 praeeminentis·
952 2701 1268 2777 maloqueimpositam
1286 2717 1338 2773 per
1351 2703 1445 2758 totum
1474 2700 1650 2758 circumduci
1681 2717 1761 2759 exer·

110 2782 211 2854 simum,
225 2785 398 2858 dirigendos
410 2786 528 2842 curavit.
539 2786 645 2842 Verum
657 2787 840 2842 warnarium
854 2805 899 2842 su·
951 2793 1050 2848 cilum.

109 2877 223 2942 spectum
238 2873 364 2940 habens,
377 2873 454 2944 quod
469 2874 506 2929 ad
517 2873 674 2930 Clolarium
681 2875 833 2930 transitum
843 2891 903 2930 me·
986 2879 1031 2935 hd
1043 2882 1224 2951 postremum
1245 2878 1382 2948 reputans
1397 2875 1423 2932 ei
1438 2877 1545 2950 quodx
1566 2893 1651 2949 reges
1672 2877 1759 2934 Frau-

109 2957 247 3029 ditaretur,
261 2960 381 3017 directis
401 2964 595 3033 posttergum
609 2977 710 3017 eorum
725 2961 838 3031 litteris,
853 2964 901 3018 hl·
952 2983 1064 3035 corum,
1093 2966 1155 3038 ejus
1178 2966 1284 3038 partim
1309 2963 1439 3026 consilio,
1454 2964 1562 3037 partim
1585 2981 1686 3034 manu,
1711 2967 1760 3038 ,vel

108 3045 183 3104 h⁰111⁰
196 3049 382 3120 puniendum
391 3049 550 3105 mandavil-
560 3050 699 3114 Alboinus
713 3051 938 3141 lectosapicssc
953 3056 1040 3114 etiam
1047 3053 1189 3112 maleficio
1198 3052 1329 3108 exstincti
1340 3055 1446 3120 essent,
1454 3053 1494 3108 sic
1506 3069 1571 3108 eam
1582 3052 1739 3126 alloquitur
1751 3069 1759 3111 s

108 3135 227 3192 scindens
241 3138 279 3194 ad
298 3141 407 3193 terram
419 3137 549 3209 projecit.
571 3137 624 3202 Qui
640 3141 763 3194 tamena
775 3140 902 3212 quodam
954 3167 969 3199 o
983 3147 1021 3201 Ut
1030 3144 1100 3217 quid
1112 3143 1190 3198 inter
1202 3140 1337 3197 mulieres
1352 3140 1560 3210 maledicta,'ac
1568 3141 1760 3215 pessimarum

107 3221 281 3284 familiarium
306 3225 445 3281 Warnarii
469 3226 590 3293 inventi,
617 3243 650 3281 ac
674 3227 703 3284 in
725 3228 824 3282 tabula
837 3244 903 3284 cera
953 3232 1116 3307 exquisitrix
1127 3231 1245 3298 artium,
1255 3229 1286 3285 in
1299 3232 1412 3286 tautam
1429 3229 1549 3303 erupisti
1558 3229 1760 3302 pervicaciam,

106 3309 149 3366 lita
160 3313 439 3386 transcripti,eidem
448 3316 516 3370 ³1¹¹st
527 3314 758 3380 ostensionibus
768 3316 815 3372 11¹⁰
825 3316 901 3386 tisis,
952 3326 984 3380 nt
999 3337 1058 3378 non
1075 3320 1258 3377 erubesceres
1270 3321 1331 3374 tam
1340 3318 1529 3392 multiplicem
1536 3319 1681 3390 praeclarae
1696 3319 1759 3376 stir-

107 3399 253 3469 pericnlum
269 3401 326 3458 sibi
339 3401 493 3458 imminere
504 3403 804 3474 perpendensmortis,
825 3406 904 3462 colli·
952 3411 996 3484 pis
1011 3411 1177 3466 subvertere
1191 3407 1412 3480 generationem
1427 3406 1442 3462 t
1456 3408 1560 3463 Peraea
1582 3406 1671 3480 igitur
1689 3400 1758 3464 'cru-

107 3501 164 3556 gere
186 3505 247 3545 sese
269 3508 307 3548 ac
332 3505 497 3564 praeparare
519 3491 618 3548 animo
631 3491 717 3562 cepit
739 3509 796 3565 quo
818 3497 902 3566 pacto
953 3499 1009 3556 deli
1035 3511 1187 3570 poenarum
1210 3495 1352 3568 exemplo,
1379 3511 1443 3568 quae
1464 3511 1524 3552 non
1541 3494 1674 3570 expavisti
1697 3497 1759 3552 lam

106 3574 265 3636 Theudorici
281 3579 349 3634 filiis
370 3579 481 3646 deletis,
505 3595 629 3653 regnum
645 3580 769 3637 Clolario
786 3599 845 3638 una
858 3599 902 3638 se·
952 3586 1065 3660 ingenti
1078 3589 1107 3642 te
1121 3586 1267 3642 maculare
1281 3582 1541 3656 parricidioNam,
1555 3583 1759 3640 ulciscereris

106 3679 160 3719 cum
171 3668 371 3724 contremeret.
381 3667 779 3740 Primoitaqueualioues,ad
788 3670 902 3742 quasad
952 3676 1065 3742 sileam,
1088 3673 1271 3744 Sigebertum
1296 3687 1396 3728 meum
1422 3674 1665 3745 patruum‚tnum
1691 3687 1759 3728 vero

104 3754 335 3824 supplementum
351 3754 417 3811 belli
427 3755 624 3813 accersiendas
637 3754 902 3815 directuslueralab
952 3764 1056 3831 virum,
1071 3760 1264 3817 novimustuo
1279 3759 1397 3815 consilio
1410 3776 1495 3816 usum
1514 3761 1616 3817 contra
1637 3758 1759 3816 tratrem

105 3837 137 3892 05⁵
151 3841 302 3898 aberant.
544 3909 553 3920 ,
949 3849 1139 3908 insurrexisse
1154 3865 1239 3904 suum
1255 3865 1262 3903 :
1279 3850 1399 3921 propter
1418 3847 1496 3920 quod
1517 3848 1548 3903 in
1570 3845 1760 3920 improvisum
1778 3921 1783 3930 Β

132 3927 238 3986 Deinde
253 3947 326 3987 eum
340 3931 531 3988 Brunechilde
546 3949 579 3988 ac
605 3932 755 4005 sigeberto
770 3936 901 4007 burgun·
952 3937 1072 3996 incurrit
1085 3935 1247 3992 interitum.
1261 3937 1405 3992 lleroreus
1420 3951 1535 4008 quoque
1549 3935 1640 3990 trater
1659 3950 1693 3990 ex
1707 3951 1760 4007 pa-

102 4012 170 4072 dam
197 4017 361 4092 ingressus,
384 4019 531 4078 universos
557 4021 706 4094 primates,
731 4024 817 4079 simul
834 4040 901 4081 cum
951 4031 997 4083 tre
1011 4043 1102 4094 mous,
1116 4024 1158 4081 tui
1186 4040 1304 4081 causae
1329 4021 1461 4095 genitore
1477 4021 1544 4078 odio
1565 4021 1690 4091 habitus,
1707 4039 1759 4079 ne·

102 4104 278 4170 pontificibus
294 4105 383 4180 ipsius
396 4107 501 4179 gentis,
513 4109 543 4164 iu
559 4125 642 4164 suam
656 4110 772 4166 deduxit
784 4113 900 4168 senteu-
950 4114 1120 4172 laudissimo
1136 4111 1313 4169 crudelitatis
1319 4127 1428 4184 genere
1441 4112 1484 4166 est
1495 4109 1674 4166 interiectus.
1685 4110 1759 4175 Quid

103 4189 175 4260 lium,
191 4199 309 4251 secreto
325 4195 402 4268 apud
423 4206 478 4252 eos·
498 4197 583 4268 hujus
597 4198 640 4254 rei
658 4215 724 4254 usus
744 4201 841 4257 verbo.
867 4203 901 4258 iit
951 4207 1049 4260 autem
1063 4218 1228 4258 memorem
1242 4199 1436 4272 chilpericum
1451 4213 1525 4256 meas
1535 4196 1691 4254 nativitatis
1707 4213 1758 4272 pe-

102 4281 160 4349 quia
171 4299 278 4340 omnes
305 4284 471 4356 superbiam
485 4286 681 4344 Brunechildis
693 4289 778 4346 simul
793 4293 822 4346 et
837 4308 900 4346 cru·
913 4295 1076 4389 Drentem,
1094 4307 1192 4364 quem,
1207 4294 1240 4346 ut
1253 4290 1354 4357 lemur,
1370 4305 1424 4362 per
1443 4289 1567 4345 directos
1582 4286 1760 4362 apparitores

101 4365 240 4428 delitatem
251 4389 373 4428 exosam
382 4373 541 4442 habebant,
552 4391 581 4430 sc
598 4377 738 4434 voluntati
748 4381 809 4450 ejus
821 4381 902 4450 polli·
952 4379 1191 4448 monasteriali,
1221 4379 1260 4434 nil
1289 4378 1347 4433 tale
1370 4377 1543 4434 verentem?
1556 4376 1672 4450 Nequeo
1698 4375 1761 4434 sine

101 4453 142 4511 citi
153 4463 219 4514 sunt
236 4477 302 4516 non
316 4460 476 4518 delaturos.
487 4463 640 4538 llisitaque
653 4467 903 4538 patratis,nuntios
952 4468 1087 4542 lacrymis
1102 4469 1211 4524 exitum
1226 4467 1299 4522 tanti
1312 4465 1423 4522 reterre
1441 4464 1541 4538 patris,
1558 4481 1760 4537 aerumnasque

100 4544 131 4598 ad
145 4547 308 4605 Clotariom
321 4549 410 4617 misit,
427 4555 456 4606 et
469 4554 500 4606 ut
514 4568 580 4608 eum
595 4554 720 4610 exercitu
736 4556 904 4614 adventaret
953 4573 1027 4613 mee
1042 4556 1184 4628 explicare
1195 4554 1336 4611 orbitatis.
1344 4555 1496 4610 Fraternas
1504 4553 1579 4610 acies
1591 4554 1761 4627 alternaque

100 4634 258 4692 nudavit:
274 4636 424 4708 spondens
435 4655 476 4706 se,
490 4639 511 4694 si
529 4640 555 4696 ei
571 4640 685 4712 integra
695 4642 752 4698 lide
766 4646 904 4702 securitas
953 4647 1039 4713 bella,
1054 4662 1118 4718 quae
1134 4643 1264 4716 prolenis
1278 4644 1425 4700 decertate
1439 4646 1506 4699 sunt
1517 4641 1600 4710 odiis,
1614 4642 1761 4698 revolvere

98 4717 154 4776 ule
169 4739 202 4777 ac
216 4723 344 4780 honoris
358 4726 576 4796 concederetur,
585 4744 710 4800 regnum
725 4732 904 4804 Burgundio·
954 4735 1063 4808 pudet3
1079 4749 1143 4806 qore
1157 4735 1199 4802 tu,
1214 4732 1303 4788 totius
1326 4733 1399 4789 aule
1420 4731 1556 4805 procella,
1577 4729 1713 4798 excitans,
1729 4729 1760 4786 in

99 4820 158 4862 nurn
175 4813 289 4881 pariter
318 4829 385 4868 cum
407 4815 619 4872 austrasiorum
645 4818 777 4875 universa
801 4822 904 4878 militia
953 4826 1086 4880 mutuam
1102 4839 1204 4878 necem
1216 4825 1337 4894 nepotes
1365 4819 1499 4876 animasti
1524 4822 1589 4875 tuos
1613 4821 1646 4875 nl
1670 4817 1761 4875 irater

99 4894 284 4956 traditurum.
303 4901 436 4957 Venienti
453 4903 550 4977 itaque
565 4903 715 4977 sigeberto
743 4925 809 4965 com
832 4912 903 4966 Bur·
952 4913 1073 4968 fratrem
1089 4910 1282 4980 interimeret,
1297 4926 1350 4964 nec
1355 4908 1430 4982 josia
1438 4910 1671 4965 commoreretur
1681 4923 1762 4964 men·

98 4987 301 5052 gundiouibus,
315 4989 345 5046 in
361 4992 515 5063 campania
529 4992 729 5052 Catalaunensi
751 5014 838 5070 super
851 5001 901 5057 tlu-
952 5002 988 5059 tis
1001 5000 1210 5073 compassione.
1223 4998 1417 5055 Theudoricus
1437 4996 1572 5069 denique,
1587 4997 1644 5054 tuis
1659 4997 1760 5054 credu-

97 5073 165 5131 vium
184 5079 323 5134 Axonam
340 5079 464 5136 occurrit
479 5081 620 5138 Clolarius
639 5100 705 5139 curn
719 5087 898 5156 Neuslrasiis,
951 5091 995 5146 lus
1005 5087 1247 5162 persuasionibus,
1268 5087 1346 5160 quod
1367 5085 1583 5142 Theodsbertus
1611 5085 1673 5157 ejus
1701 5101 1762 5142 non

97 5159 197 5220 habens
223 5183 326 5222 seeum
351 5170 516 5241 complures
541 5172 713 5242 Austrasios,
737 5175 812 5232 inter
830 5195 903 5252 quos
952 5183 1026 5236 esset
1040 5193 1208 5251 germanus,
1224 5175 1330 5232 effusor
1344 5173 1451 5231 exstitit
1463 5174 1585 5232 fraterni
1600 5173 1759 5246 sanguinis,

95 5248 224 5312 aletheus
240 5256 396 5332 patricius,
407 5257 512 5324 llocco,
537 5258 698 5332 sigoaldus,
716 5279 829 5322 necnon
846 5269 901 5324 Eu·
952 5283 1018 5324 cum
1030 5267 1089 5340 jam
1105 5265 1218 5338 pridem
1228 5263 1390 5321 tleroveiex
1404 5280 1434 5319 se
1446 5263 1537 5337 geniti
1552 5277 1653 5320 cruore
1667 5260 1760 5334 pollo·

97 5337 213 5412 dianus,
229 5345 331 5400 duces.
347 5345 438 5417 lgilur
458 5346 527 5402 dum
554 5348 689 5422 utrinque
718 5359 900 5412 armatorum
951 5361 995 5413 tas
1005 5358 1121 5428 gereret
1133 5367 1245 5410 manus.
1256 5348 1759 5419 Tlreodsbertiillium,inalbisnovae

96 5430 172 5486 cunei
187 5433 225 5488 ad
242 5433 379 5504 praelium
391 5436 484 5508 parali
503 5438 712 5509 constitissent,
732 5443 899 5501 Warnarius
952 5443 1183 5517 regenerationis
1197 5442 1290 5498 adbuc
1308 5441 1507 5508 constitutum,
1522 5456 1539 5495 a
1553 5442 1581 5494 te
1593 5438 1630 5494 ad
1644 5441 1758 5511 petram

95 5531 153 5572 cum
172 5520 232 5576 suis
248 5521 343 5591 juxta,
370 5524 448 5596 quod
474 5525 661 5582 constituerat
695 5529 779 5601 signo
801 5532 899 5592 datoe
953 5534 1077 5603 allisum,
1093 5535 1194 5588 uotum
1219 5534 1262 5587 est
1277 5547 1343 5586 cum
1358 5531 1447 5585 lratre
1464 5528 1651 5583 innocentem
1672 5527 1757 5582 exha-

94 5619 198 5682 pugoa,
211 5613 285 5668 aete
301 5628 498 5688 congressum,
515 5615 651 5673 discessit.
668 5618 775 5676 Eadem
789 5621 894 5693 lacere,
952 5626 1026 5680 lasse
1036 5621 1177 5696 spiritum.
1191 5621 1264 5677 lllud
1276 5636 1336 5678 non
1358 5615 1553 5676 omittendum
1568 5632 1669 5674 recem
1695 5613 1757 5687 pia·
