3862 6170
75 359 110 422 tul
647 347 805 412 tdnmcs
829 339 1102 412 monstrosas,
1649 347 1703 414 882

98 493 274 556 Duodecimus
289 491 379 552 abbas
395 489 535 566 llagullos
549 508 642 552 annos
652 507 708 551 un.
860 472 888 533 Α
951 486 1020 544 Hac
1035 490 1063 544 ιἰι
1077 487 1175 546 tunore
1188 489 1242 546 Dei
1253 488 1419 562 Pteudnlsus
1433 483 1531 563 tenuta
1544 494 1649 550 swraot

98 585 192 644 lortius
206 583 335 639 decimus
349 582 439 639 abbas
460 581 599 641 rotradus
612 595 722 638 annum
737 597 746 636 ι
762 581 792 634 et
806 577 849 633 di·
971 576 1039 644 Qun
1055 577 1120 634 dom
1135 579 1254 651 quisquis
1266 579 1339 648 ades,
1353 596 1411 647 oro,
1423 585 1554 644 manento
1567 584 1629 639 mai.

74 677 179 734 minium.
935 665 990 737 (57)
1004 665 1166 726 AEmulutus
1182 667 1280 740 inqua
1298 668 1329 726 iu
1341 668 1396 728 boo
1407 669 1484 729 facto
1501 671 1637 744 bagnum
1651 671 1702 729 Ca-

98 765 206 830 ouartus
221 760 349 818 decimus
363 760 453 817 abbas
466 759 670 832 'theodulphus
697 773 791 814 annos
801 773 847 812 xix
898 754 1006 818 colum,
1022 755 1072 827 qui
1086 772 1123 813 ea
1135 759 1308 830 tempestato
1317 758 1492 830 Aqauisgraui
1506 759 1612 830 palatio
1626 761 1701 817 tanti

70 851 252 918 aldinidium,
267 849 345 922 quia
358 847 563 921 gloriosissimo
592 847 768 920 imperatore
798 846 849 900 Ca·
899 840 1011 898 decoris
1022 842 1211 899 aedillcaverat
1226 845 1388 914 ecclesiam,
1402 849 1434 902 ut
1455 847 1485 902 in
1507 847 1588 904 omni
1610 848 1701 906 Gallia

68 942 153 998 roloex
164 936 303 1012 Hesperia
316 940 435 1008 propter
453 934 847 1006 eruditionissoientiamqua
898 930 1126 988 nullambabeat
1139 931 1277 992 similem.
1292 934 1398 990 Verum
1418 939 1598 994 memoratus
1621 937 1701 1009 prin·

68 1027 223 1102 potebatin
239 1023 342 1082 Gallias
351 1024 502 1092 adductus,
517 1021 746 1079 Floriacensibus
759 1022 848 1078 abbas
897 1031 964 1090 ceps
976 1016 1048 1074 illud
1065 1019 1144 1092 quod
1157 1019 1265 1078 lecerat
1279 1023 1434 1094 templum,
1447 1026 1553 1080 sanctae
1576 1025 1628 1082 nai
1646 1042 1698 1098 ge·

67 1115 340 1174 ettorclianeusibus
354 1115 493 1170 datusest
506 1111 648 1185 pontifex.
675 1111 725 1166 llic
748 1111 847 1184 itaqua
898 1105 1009 1162 nitriois
1022 1107 1117 1164 ldariae
1131 1108 1257 1164 dedicari
1280 1110 1334 1167 sub
1354 1109 1466 1168 honore
1493 1112 1641 1185 praecepit.
1664 1115 1701 1171 ct

66 1221 123 1272 cun,
135 1208 164 1259 ut
178 1203 314 1272 diximus,
329 1202 494 1260 eruditione
515 1200 676 1275 precipuus
701 1199 845 1256 doctrina·
897 1209 966 1251 roro
982 1195 1159 1252 Theodullus
1173 1199 1271 1253 aulam
1284 1214 1301 1252 a
1314 1214 1344 1254 se
1358 1203 1554 1258 constructam
1565 1202 1698 1259 omnium

66 1310 107 1366 que
126 1293 282 1350 baberetur
307 1293 470 1367 preclarus,
498 1287 731 1362 explanationem
757 1287 847 1344 edidit
896 1282 1041 1340 conditori
1054 1299 1087 1342 ac
1101 1285 1235 1342 salvatori
1250 1302 1349 1344 rerum
1358 1288 1419 1343 Deo
1432 1304 1613 1360 consensus,
1629 1292 1698 1348 cbe-

65 1381 171 1453 Srnboli
186 1381 279 1438 sancti
292 1380 453 1444 Athanasii,
467 1378 547 1452 quod
570 1394 589 1434 a
613 1375 765 1433 monachis
780 1379 850 1448 post
895 1370 993 1428 rubim
1006 1372 1107 1445 gloriae
1129 1375 1336 1432 obumbrantia
1354 1375 1588 1450 propitiatorium
1612 1396 1698 1453 super

63 1471 259 1542 tresmgulares
274 1472 400 1542 psalmm
414 1469 451 1524 ad
465 1467 592 1541 primam
617 1467 745 1540 quotidie
765 1467 844 1522 cani-
895 1461 986 1516 altare
999 1461 1087 1534 ipsius
1102 1463 1336 1522 artificiosissimo
1349 1465 1518 1538 magisterio
1531 1482 1695 1540 expressum

62 1561 104 1613 tur.
115 1558 334 1614 Sacramentum
349 1573 465 1630 quoque
480 1557 574 1612 missa
596 1571 646 1612 seu
666 1571 767 1612 eorum
780 1571 844 1628 qum
892 1546 939 1602 bis
954 1548 1098 1606 decoravit
1109 1551 1245 1612 versibus.

63 1645 289 1718 beugeruntnr,
309 1645 378 1719 quid
390 1645 519 1718 mysterii
543 1644 722 1712 contineant,
738 1645 845 1718 aliquu-
895 1636 1176 1696 Orocutumvcoctum
1191 1642 1363 1701 sceleratius
1376 1643 1420 1702 lu'c
1442 1645 1529 1716 aspide
1552 1651 1695 1717 Mami

63 1749 103 1806 quc
121 1735 295 1809 quamplura
318 1734 462 1790 succincto
487 1733 626 1790 narrandi
641 1749 749 1806 genere
764 1735 843 1790 lucu·
927 1725 966 1781 El
981 1730 1132 1786 testamenti
1145 1746 1177 1784 cn
1191 1732 1275 1787 micat
1289 1731 1426 1790 crcchi.

63 1821 201 1878 lentinime
216 1822 344 1894 digessit.
362 1823 525 1879 Necminus
553 1822 580 1878 ei
605 1822 732 1878 studium
747 1822 777 1878 in
789 1824 844 1878 ele·
857 1811 959 1913 BHM
973 1831 1090 1884 cernens.
1100 1817 1275 1892 precibusque
1295 1821 1402 1876 studens
1419 1820 1529 1892 pulsare
1550 1827 1695 1891 cononem,

62 1909 281 1980 guinimarum
307 1927 395 1984 opere
421 1909 611 1968 aedificiorum
633 1909 843 1985 nicaenique
929 1903 1131 1976 thodututur'n
1146 1908 1433 1982 ootdjunpitoqauso
1449 1913 1511 1968 tute.

61 1997 248 2054 dommianus
261 1997 366 2054 dicitur
380 1998 456 2066 villa,
469 1999 592 2056 tribusa
612 2001 712 2055 nostro
740 2015 843 2056 mona·
928 1989 985 2048 Sed
1000 1993 1068 2066 (illie
1079 2011 1195 2070 sempor
1207 1997 1388 2070 sapientibus
1399 1998 1553 2068 ludimur,
1569 1997 1697 2064 difficile-

62 2087 130 2142 stario
143 2087 257 2143 distans
284 2087 421 2146 millibus.
446 2087 512 2142 ilaec
532 2087 686 2143 abbatibus
711 2087 843 2160 quiante
894 2095 950 2153 que
968 2086 1012 2140 est
1030 2084 1059 2140 in
1075 2087 1221 2158 prosperis
1235 2087 1344 2146 invidia
1371 2104 1480 2156 carere,
1510 2089 1588 2160 apud
1606 2089 1698 2162 impe-

61 2189 111 2231 sum
133 2175 393 2232 fuonntmuima
419 2192 452 2231 οι
468 2177 550 2249 parte
573 2191 590 2231 a
615 2175 747 2232 fidelibus
766 2175 842 2244 viris,
893 2172 1020 2227 rictorem
1035 2172 1211 2232 Ludovicum
1224 2175 1261 2232 ab
1275 2176 1547 2234 aemulisdtlcllstitts
1561 2178 1696 2250 conjura·

59 2263 844 2336 pammhereditas0r³s‚pariimdata‚partimvendita
892 2254 980 2312 tionis
992 2259 1127 2318 adversus
1146 2279 1214 2318 eum
1227 2263 1310 2322 iactae
1325 2265 1457 2322 conscius
1480 2264 1579 2334 lubae,
1600 2265 1698 2322 Anda-

58 2351 384 2424 cstlnluacigituridem
398 2350 572 2407 Theodotius
588 2351 677 2408 abbas
689 2355 718 2406 et
732 2352 843 2424 episoo-
892 2345 970 2416 gavia
985 2348 1138 2417 exsiliatus,
1162 2353 1299 2410 custodiae
1329 2353 1417 2412 etiam
1440 2352 1622 2427 mancipatus
1637 2355 1695 2423 est;

58 2455 99 2512 prs
112 2439 262 2496 eeclesiam
287 2443 349 2494 tam
365 2438 483 2494 mirifici
508 2438 604 2510 operis
627 2439 794 2508 construxit,
812 2443 843 2496 ut
892 2439 942 2497 ubi
968 2439 998 2496 in
1017 2439 1062 2496 die
1078 2440 1255 2508 Primnum,
1272 2443 1415 2513 presente
1440 2440 1501 2512 ipso
1527 2457 1607 2513 roge,
1635 2440 1698 2498 illos

57 2529 149 2584 uallum
165 2529 197 2584 in
220 2530 281 2584 tota
301 2528 434 2583 Neustria
455 2526 580 2583 inveniri
606 2529 703 2600 posset
728 2527 842 2584 aedificii
891 2527 1102 2602 pulcherrimos
1114 2545 1221 2594 vorsus,
1235 2528 1359 2600 gloriam
1375 2529 1466 2586 laudis
1481 2527 1586 2585 Christi
1601 2544 1698 2600 perso-

2 2601 3 2640 *
57 2631 112 2688 opus
121 2617 200 2690 qnod
214 2615 252 2684 ai,
272 2619 430 2689 antequam
448 2615 515 2690 igne
530 2618 719 2684 cremaretur,
735 2618 843 2674 calmet
892 2620 1005 2685 nantes,
1017 2615 1066 2689 qui
1079 2616 1167 2674 hodie
1181 2633 1233 2688 por
1244 2617 1390 2674 uniuersas
1401 2617 1550 2674 Gadiasab
1567 2617 1698 2675 ccclesia·

54 2705 154 2777 quari.
170 2706 272 2761 Totam
297 2720 425 2776 namque
451 2707 567 2760 arcuato
594 2721 684 2778 opere
705 2706 842 2762 eamdem
891 2706 969 2762 sticis
984 2706 1175 2762 decantantur
1190 2705 1267 2774 viris,
1281 2723 1297 2762 e
1312 2705 1384 2762 turri
1411 2705 1441 2761 in
1470 2722 1527 2779 qua
1558 2706 1697 2762 custodie·

2 2793 3 2840 l
55 2797 186 2850 amans
199 2793 355 2862 basilicam,
370 2793 411 2848 ita
425 2793 544 2850 lloribus
554 2793 763 2867 gypseisatque
776 2811 841 2850 mu·
891 2793 976 2850 batur
991 2810 1009 2850 a
1023 2811 1052 2849 se
1066 2793 1241 2868 compositos
1270 2794 1385 2864 cecinit,
1407 2811 1530 2868 quorum
1543 2797 1587 2850 est
1614 2811 1697 2851 exor-

54 2879 99 2936 sivo
112 2883 172 2954 ejus
186 2881 345 2938 venustavit
358 2879 509 2950 interiora,
540 2881 740 2953 pauimentum
770 2901 841 2957 quo·
892 2882 983 2938 diurn.

55 2983 100 3038 que
112 2985 276 3026 marmoreo
291 2969 422 3042 depinxit
446 2969 634 3038 emblemate,
651 2973 683 3026 ut
705 2971 780 3026 oculi
796 2972 841 3030 in·
892 2971 997 3033 curra.
1013 2970 1081 3040 tous,
1098 2977 1123 3026 et
1133 2971 1220 3027 donor
1235 2971 1285 3028 lidi
1296 2973 1342 3031 n't.
1353 2970 1412 3028 Rex
1426 2971 1694 3046 Christeredemptor,

1 3099 2 3102 ,
53 3057 183 3114 tuentium
197 3058 241 3114 vir
254 3060 338 3130 grata
361 3058 537 3114 satiarentur
563 3059 668 3131 specie.
692 3061 783 3116 Porro
811 3059 840 3116 in
927 3059 982 3117 Cui
990 3059 1091 3133 puerile
1116 3058 1194 3116 decus
1203 3063 1338 3133 prompsit
1351 3062 1472 3118 macana
1487 3063 1576 3134 pium.

1 3171 2 3228 ι
54 3146 180 3202 rabano
196 3147 284 3202 turris
293 3146 329 3202 de
344 3163 402 3220 qua
421 3147 505 3218 signa
516 3145 697 3218 pendebant,
713 3149 842 3219 hujusce-

53 3234 120 3292 modi
127 3235 247 3292 inseruit
261 3251 358 3292 versus
372 3238 511 3308 mgenteo
523 3237 621 3292 colore
637 3252 803 3309 expressos:
850 3234 874 3294 C

410 3545 741 3654 ANNALES
774 3544 1325 3655 FLORIACENSES.

85 3875 196 3955 bscn'pti
210 3881 276 3937 snut
289 3875 379 3936 codici
391 3878 536 3952 cyclorum
550 3873 848 3934 decennovennalium
861 3871 987 3950 Dionysii
1002 3893 1093 3934 annos
1108 3877 1241 3936 scalcos
1260 3875 1420 3950 comploro,
1434 3877 1537 3950 etjam
1551 3866 1581 3925 in
1594 3870 1700 3931 Biblio-

58 3948 129 4007 fficcu
139 3953 216 4026 regia
235 3951 389 4008 Parisiensi
407 3951 461 4005 sub
474 3967 504 4006 n.
521 3953 590 4006 scta
605 3953 759 4005 assemato.
774 3951 824 4004 Est
835 3951 1074 4006 membranaceus
1085 3949 1168 4016 ind,
1182 3951 1286 4005 saeculo
1299 3965 1326 4004 ιιι
1338 3951 1480 4018 exaratus,
1495 3941 1702 4022 acsdmtatio-

59 4033 102 4076 ιω
114 4029 171 4094 post
183 4039 293 4080 annum
308 4025 360 4078 854
375 4020 494 4078 diversis
506 4025 721 4078 coaetaneorum
744 4021 877 4077 munibus
898 4021 1025 4094 adjectas
1046 4020 1170 4088 exbibet,
1191 4037 1263 4094 quas
1285 4020 1331 4075 hic
1357 4024 1423 4091 post
1435 4020 1591 4076 cusentum
1603 4017 1635 4086 (t.
1650 4017 1700 4082 111,

58 4105 83 4170 p.
95 4091 352 4161 :tiiddiidenuo‘ex
362 4092 588 4167 autbograpboa
600 4109 647 4148 me
657 4095 799 4148 correctas
811 4093 964 4164 eruensque
973 4092 1052 4159 sisto,
1063 4091 1174 4147 omissis
1184 4090 1362 4146 tamamfero
1372 4091 1508 4147 omnibus
1520 4099 1700 4163 quoeannum

59 4165 133 4219 idun
146 4166 327 4232 antecedunt,
339 4163 446 4238 quippe
456 4181 520 4238 qua
534 4179 569 4220 ex
585 4163 666 4219 Pauli
681 4163 799 4220 Diaconi
814 4162 938 4219 Historia
949 4162 1088 4231 miscella,
1110 4162 1268 4218 Annalibus
1282 4160 1312 4219 S.
1334 4161 1481 4218 Columba
1496 4163 1526 4218 et
1540 4158 1700 4215 Annalibus

60 4229 85 4286 S·
102 4237 214 4294 tutandi
221 4235 280 4292 sint
293 4235 455 4308 desumpta.

60 4399 130 4456 launo
141 4419 340 4463 nnauanoms
352 4408 464 4463 bouum.
855 4406 882 4468 D
983 4404 1181 4477 Rhodulpbus,
1203 4402 1383 4460 consiliarius
1396 4402 1563 4476 primasque
1589 4401 1701 4476 palatii,

62 4489 118 4546 ⁸²⁶·
135 4493 302 4553 leodelodus
315 4493 502 4554 Floriacensia
522 4492 692 4552 monasterii
705 4491 843 4549 lundutor
981 4493 1133 4549 bominem
1157 4493 1215 4548 exit
1241 4492 1359 4548 Necnon
1382 4496 1412 4548 et
1436 4491 1595 4548 ilbodutius
1608 4489 1701 4547 arcbi·

140 4583 212 4642 obiit.
984 4581 1381 4655 episcopusltquitaniorum.
1411 4581 1447 4636 Et
1473 4580 1530 4637 duo
1555 4579 1701 4654 principes

62 4668 382 4732 tto.lunon111laroli
406 4672 493 4746 regis,
517 4689 556 4728 111
585 4671 648 4728 Kal.
674 4669 767 4727 llartii
794 4686 845 4726 ex·
982 4669 1157 4742 Aquitanici,
1177 4669 1335 4726 baudricus
1349 4670 1378 4724 et
1399 4668 1505 4738 lmino,
1521 4667 1597 4724 inter
1612 4683 1642 4722 so
1656 4665 1700 4722 di·

139 4762 202 4818 stitit
219 4766 404 4821 terraemotus
433 4761 515 4835 quasi
544 4759 658 4816 decima
684 4759 758 4815 bora
793 4773 842 4815 no·
984 4758 1134 4828 micantes,
1171 4761 1265 4814 semet
1289 4757 1473 4814 interimunt.
1503 4755 1702 4812 llbotbbertus

140 4852 194 4908 ctis.
984 4863 1100 4920 quoque
1114 4851 1201 4920 atque
1215 4844 1445 4903 Ramnullusviri
1454 4843 1535 4900 mirae
1550 4843 1699 4916 potentia,

66 4931 121 4992 83³.
136 4939 304 5006 ldalbertns,
325 4941 410 4998 bona
436 4937 589 4996 memorias
618 4935 789 5005 monachus,
816 4951 844 4991 ιιι
984 4937 1130 5009 armisque
1144 4935 1264 5004 strenui,
1282 4938 1312 4991 et
1333 4934 1409 4990 inter
1433 4932 1544 5007 primos
1557 4932 1611 5007 ipsi
1625 4933 1701 5007 prio-

141 5029 269 5089 Italian.
286 5030 369 5087 obiit.
985 5041 1040 5095 res,
1054 5026 1324 5082 Nortbmannorum
1339 5023 1436 5096 gladio
1451 5025 1605 5082 necantur.

70 5109 121 5168 Μ.
137 5117 257 5176 tenens
272 5118 407 5193 apparuit
421 5116 497 5175 circa
516 5115 661 5174 Kalendas
680 5111 768 5170 biaias
793 5130 846 5188 per
896 5117 960 5174 877.
979 5117 1099 5171 Karalus
1116 5114 1257 5171 Ludowioi
1275 5113 1351 5170 filius
1364 5129 1383 5167 11
1395 5114 1469 5168 Non.
1486 5112 1602 5170 Octobr.
1618 5112 1701 5184 obiit,

142 5206 232 5280 nginli
247 5209 318 5267 dies.
987 5208 1018 5261 et
1031 5203 1196 5260 Ludovicus
1211 5204 1286 5259 illius
1305 5203 1366 5258 eius
1376 5219 1403 5259 vr
1418 5201 1459 5258 ld.
1476 5200 1642 5258 Decembris
1652 5217 1700 5257 re-

73 5283 123 5346 Ul.
138 5293 276 5369 llegnante
287 5297 402 5364 ltnrnto,
419 5293 556 5353 Ludovici
578 5293 649 5361 illio,
673 5291 731 5349 duo
747 5291 798 5348 lllii
811 5291 845 5348 it·
985 5309 1077 5366 gnum
1088 5292 1224 5366 suscepit.

144 5383 190 5441 lius
203 5389 375 5456 moriuntur,
387 5384 551 5442 illotharius
567 5383 666 5450 abbas,
683 5384 713 5437 et
725 5381 847 5437 liarolus
897 5386 960 5441 878.
980 5382 1126 5438 lohannes
1139 5398 1216 5454 papa
1231 5379 1261 5436 in
1272 5379 1375 5437 Gallias
1390 5379 1477 5448 venit,
1500 5381 1530 5436 ct
1541 5378 1618 5452 apud
1633 5377 1700 5434 civi·

144 5488 187 5530 reu
207 5475 436 5550 cquinniorum.
460 5472 624 5529 Avunculus
654 5485 770 5544 quoque
785 5471 847 5543 ejus
986 5474 1076 5528 tatem
1089 5471 1192 5528 Trecas
1205 5469 1254 5528 diu
1269 5471 1401 5527 moratus
1415 5473 1468 5525 est.
1489 5467 1599 5526 Eodem
1621 5483 1700 5528 anno

104 5589 217 5668 liillidc
229 5600 369 5658 letaldum
382 5617 408 5661 c.
426 5601 452 5658 ³.
467 5599 508 5656 lle
525 5596 627 5654 mirac.
643 5595 673 5654 S.
689 5595 834 5654 ldariunini
850 5595 958 5655 lliciao.
