3882 6170
127 409 167 480 tls·
850 405 1038 474 EPISTOLAE.
1718 416 1770 478 aar,

126 545 210 602 bilitcr
237 561 337 618 preces
366 539 508 610 effuderit,
531 539 629 597 indita
654 543 746 596 textus
772 537 1770 616 petitionisAenmpertinetquocunquemodo,qualibetexquisitione

124 634 264 702 informat,
282 651 334 708 pro
348 651 405 706 qua
417 631 755 689 refralernitatemtuam
765 630 918 686 hortamur
968 628 1109 696 minuere,
1126 646 1178 685 nec
1193 629 1384 686 immissiones
1400 631 1443 685 vel
1457 630 1538 684 dolos
1548 631 1769 704 aliquosfacere.

124 729 156 790 ot,
166 725 294 779 obeunte
310 723 414 778 abbate
430 719 597 777 monasterii
613 721 701 793 ipsius
716 719 853 787 ccclesiae,
869 721 917 773 tua
968 717 1367 790 Sedsiquafortecausainler
1375 721 1610 775 Ravennatcmet
1616 722 1768 793 praefatum

123 813 203 879 [cura]
226 811 257 867 in
283 811 479 867 describendis
509 809 751 882 providendisque
773 807 917 880 acquisitis
968 806 1768 882 monasteriumevenerit,etpacificenonpotueritordi-

122 899 332 973 acquirendisve
343 899 475 972 ejusdem
497 897 665 954 monasterii
680 898 775 965 rebus,
793 897 871 951 nulla
887 913 916 951 se
966 895 1041 958 nari,
1058 897 1133 968 apud
1142 897 1247 953 electos
1263 898 1414 969 apartibus
1422 897 1766 966 timentibusllcum,sinc

122 989 263 1044 occasione
278 989 461 1060 permisceat.
474 987 691 1043 Abbatemvero
707 987 803 1042 eidem
815 1002 917 1041 mona·
965 984 1128 1040 voluntaria
1143 985 1292 1055 dilatione,
1303 987 1407 1042 mediis
1417 987 1767 1058 sacrosanctistfvangeliis

121 1076 196 1132 sterio
212 1093 274 1130 non
292 1076 393 1143 alium,
410 1075 459 1131 sed
466 1091 552 1147 quem
565 1075 686 1145 dignum
694 1073 823 1129 moribus
830 1077 915 1146 atque
966 1073 1092 1128 finiatur.
1109 1075 1249 1130 Defuncto
1264 1092 1330 1131 vero
1344 1077 1448 1132 abbate
1464 1094 1522 1131 non
1538 1075 1767 1146 extraneus,nisi

120 1168 227 1220 actuum
243 1165 401 1236 disciplinae
417 1163 595 1220 monachicae
608 1163 757 1218 communi
775 1179 915 1218 consensu
967 1161 1119 1218 decadem
1135 1165 1370 1236 congregatione,
1382 1181 1468 1237 quem
1481 1165 1769 1238 sibipropriavolun-

119 1252 302 1325 congregatio
319 1256 381 1308 tola
393 1252 568 1324 poposcerit,
581 1251 717 1308 ordinare
729 1254 756 1305 te
771 1253 912 1307 volumus.
965 1255 1024 1306 tate
1044 1252 1229 1324 congregatio
1242 1254 1372 1325 elegerit,
1388 1257 1417 1309 et
1432 1253 1480 1326 qui
1496 1254 1603 1308 electos
1613 1253 1765 1310 fueritsine

118 1341 204 1395 lfissas
218 1345 318 1396 autern
330 1340 749 1412 illicpublicasperopiscopum
762 1340 823 1395 fieri
834 1339 915 1394 omni
966 1339 1032 1395 dolo
1046 1343 1089 1395 vel
1105 1342 1257 1397 venalitate
1272 1342 1651 1415 aliquaordinetur.Quodsi
1665 1345 1763 1415 aptam

118 1429 198 1484 modo
209 1429 410 1502 probibemus,
426 1445 461 1485 nc
478 1429 506 1483 in
521 1445 670 1483 servorum
680 1428 730 1484 Dei
747 1429 913 1495 recessibus,
965 1427 1078 1484 interse
1090 1431 1378 1502 personaminvenire
1389 1431 1717 1504 nequiverint‚solertem
1729 1431 1764 1485 de

117 1517 298 1589 popularibus
309 1517 419 1572 occasio
434 1518 597 1590 praebeatur
613 1519 670 1572 ulla
684 1517 914 1583 conventibus,et
965 1517 1026 1573 aliis
1037 1519 1218 1575 monasteriis
1231 1521 1284 1575 sibi
1292 1521 1424 1575 similiter
1437 1520 1546 1592 eligant
1557 1519 1762 1585 ordinandum;

117 1606 300 1678 simpliciores
315 1623 348 1661 ex
362 1606 534 1662 hucanimas
551 1607 817 1678 plerumque,quod
827 1605 910 1660 absitl
964 1624 1059 1680 neque
1070 1609 1197 1664 venienti
1204 1608 1300 1664 abbati
1314 1625 1492 1680 quaecunque
1502 1625 1627 1680 persona
1637 1608 1764 1680 qualibet

117 1694 317 1750 inscandalum
332 1696 428 1750 trahat
442 1695 623 1769 frequentior
634 1711 748 1767 quoque
764 1694 913 1749 muliebris
963 1697 1112 1752 occasione
1127 1697 1157 1752 in
1171 1715 1223 1752 suo
1239 1698 1414 1752 munasterio
1430 1695 1763 1770 praeponaturmisiforte

116 1783 254 1838 introitus.
263 1784 341 1838 llanc
354 1786 451 1838 autem
468 1783 640 1855 scriptorum
656 1785 823 1838 nostrorum
835 1782 914 1855 pagi·
962 1786 1147 1854 exstantibus,
1163 1785 1330 1857 qnodabsitl
1344 1785 1510 1840 criminibus
1521 1802 1584 1857 quae
1593 1785 1665 1840 sacri
1676 1801 1763 1840 cauo-

117 1888 178 1926 nam
188 1872 272 1927 omni
280 1873 309 1926 in
317 1872 413 1927 futuro
422 1875 554 1945 tempore
567 1871 913 1945 velpostepiscopisordi·
924 1853 950 1913 Β
963 1891 1013 1929 nes
1025 1875 1127 1947 punire
1137 1877 1308 1929 monstrant.
1317 1874 1426 1929 Pariter
1436 1877 1533 1929 autern
1542 1873 1764 1929 custodiendum

116 1961 212 2015 nandis
227 1961 353 2017 formam
370 1961 531 2025 statuimus,
547 1959 746 2032 illibatamque
762 1960 914 2028 servarint
963 1965 1006 2018 est
1022 1967 1061 2032 ut,
1076 1964 1164 2019 invito
1175 1963 1304 2034 ejusdem
1317 1963 1483 2018 monasterii
1499 1962 1613 2030 abbate,
1630 1962 1667 2017 ad
1683 1961 1761 2017 ordi-

114 2050 203 2103 tecum
218 2054 269 2105 tua
288 2049 422 2116 Ecclesia,
435 2050 555 2120 juvante
570 2050 707 2117 Domino,
724 2065 774 2104 suo
786 2051 914 2104 tautum·
964 2051 1060 2107 nanda
1073 2052 1129 2108 alia
1144 2051 1332 2117 monasteria,
1348 2050 1445 2106 autad
1466 2050 1580 2105 ordines
1598 2065 1704 2116 sacros,
1720 2049 1765 2104 vei

115 2135 196 2190 modo
212 2136 249 2190 sit
256 2137 324 2207 jure
339 2139 524 2205 cirotenta,ct
538 2139 748 2193 monasterium
758 2126 912 2200 illudnulli
962 2139 1243 2196 clericatusoffrcium
1252 2141 1311 2195 tolli
1321 2139 1563 2196 exindemonachi
1572 2154 1630 2193 non
1638 2138 1763 2193 debeant

116 2224 226 2279 alterius
245 2225 353 2297 aliique
369 2225 500 2298 generali
514 2226 696 2281 canonicave
714 2225 912 2297 jurisdictioni
962 2230 1012 2285 sed
1027 2233 1050 2284 si
1063 2230 1243 2285 abundantes
1257 2228 1364 2284 fuerint
1382 2229 1430 2301 qui
1447 2229 1483 2284 ad
1497 2228 1684 2283 celebrandas
1703 2229 1761 2282 lleo

115 2310 282 2381 dfflfl'iieffls
294 2315 418 2370 remotis
427 2314 625 2370 vexationibus
638 2330 670 2369 oc
685 2315 795 2369 cunetis
809 2331 910 2386 grava·
961 2318 1060 2374 laudes
1083 2320 1126 2374 vel
1147 2317 1283 2373 utilitates
1303 2317 1547 2373 monasteriorum
1573 2315 1760 2386 complendas

115 2398 909 2474 minibus,divinnmopuscumsummaanimidevotione
960 2407 1113 2473 sufficiant,
1131 2407 1219 2462 abbas
1235 2423 1301 2461 cum
1321 2407 1473 2462 devotione
1489 2406 1524 2460 de
1538 2405 1584 2460 his
1598 2404 1647 2476 qui
1659 2420 1759 2475 super-

114 2489 265 2556 perficiant.
282 2492 354 2546 flata
364 2508 464 2547 mense
476 2492 561 2561 lolio,
574 2492 673 2549 indict.
689 2509 743 2547 xiv.
761 2493 784 2544 ι’
959 2496 1067 2551 fuerint
1080 2495 1181 2552 offerat
1194 2512 1266 2568 quos
1281 2495 1385 2568 dignos
1404 2510 1502 2549 coram
1525 2495 1583 2548 Deo
1605 2491 1756 2565 putaverit.

145 2575 226 2639 0¹1⁰d
242 2593 302 2632 11011
323 2577 409 2634 debet
432 2580 581 2652 episcopus
603 2579 812 2635 monasterium
833 2578 907 2634 inhi·
959 2585 1077 2650 Quodsi
1092 2584 1267 2640 sufficienter
1278 2584 1389 2638 habeus
1402 2583 1471 2639 dare
1486 2581 1619 2648 noluerit,
1630 2584 1696 2635 tunc
1707 2582 1760 2637 lla-

112 2662 176 2718 bere
190 2682 208 2720 a
222 2665 318 2722 missis
330 2683 383 2721 nec
398 2684 414 2723 a
428 2669 575 2739 sepultura
591 2685 598 2723 :
616 2691 630 2719 ι
641 2669 794 2740 Gregorius
803 2667 907 2723 loanni
956 2673 1089 2728 renuatis
1101 2672 1291 2745 episcopusad
1307 2672 1469 2729 ordinanda
1479 2669 1760 2726 aliamonasteriade

112 2752 241 2825 episcopo
260 2747 387 2811 dellibe
404 2755 504 2811 Vetere
529 2756 640 2830 (Epist,
666 2773 684 2824 ι,
716 2757 770 2829 ta).
801 2755 906 2827 Agapi·
957 2761 1001 2818 bis
1016 2762 1064 2836 qui
1079 2765 1233 2834 supersunt
1257 2762 1349 2816 tollat.
1363 2761 1407 2815 dd
1422 2759 1643 2815 ecclesiasticum
1659 2760 1758 2814 tamen

113 2841 153 2895 tus
161 2841 248 2897 abbas
254 2843 422 2899 monasterii
433 2843 652 2916 SanctiGeorgii
661 2844 817 2899 insinuavit
825 2844 907 2900 nobis
957 2851 1086 2906 officium
1097 2851 1191 2905 nultus
1200 2849 1302 2904 exinde
1311 2848 1496 2920 producatur,
1508 2847 1561 2902 nisi
1570 2864 1657 2920 quern
1672 2848 1761 2903 abbas

113 2930 560 3000 Plurimasetafveslrasassclitaie
571 2934 740 3006 gravamina
755 2933 906 3000 sustinere,
958 2939 1012 2995 loci
1022 2935 1758 3010 admonituspropriavoluntateobtuleritouisquis

113 3022 139 3071 et
152 3036 209 3074 non
225 3023 319 3076 solum
331 3020 359 3075 in
371 3021 415 3076 his
426 3021 527 3090 [ad,vcl
540 3022 908 3095 eontraiqueoccessitatis
959 3032 1056 3083 autem
1072 3045 1105 3082 ex
1121 3026 1259 3098 praedicto
1278 3024 1455 3080 monasterio
1471 3023 1509 3078 ad
1534 3023 1757 3078 ecclesiasticum

113 3110 908 3185 ternporealiquodmonasteriumpossitsubferresubsi·
922 3116 1130 3186 cpervenerit,
1143 3113 1324 3170 ulteriusillic
1337 3129 1373 3167 ne
1383 3115 1557 3184 potestatem
1570 3112 1694 3182 aliquam
1706 3127 1758 3167 nec

113 3195 302 3268 dium‚rerum
313 3200 503 3273 etiaminipso
515 3202 691 3257 monasterio
701 3203 801 3257 missas
808 3201 905 3272 prohi-
956 3203 1102 3260 licentiam
1117 3205 1222 3260 babeat
1237 3201 1396 3258 babitandi.
1414 3201 1628 3258 Observandum
1643 3217 1759 3274 quoque

113 3283 907 3361 beascelebrari,sepelirietiamibidemmortuosinter-
957 3297 1000 3349 est
1009 3293 1508 3366 utdescriptiorerumautcartarum
1519 3292 1649 3363 ejusdem
1659 3307 1760 3346 mona·

113 3371 202 3430 dicas:
219 3377 298 3448 quod
313 3376 334 3432 si
346 3377 387 3432 ita
401 3382 453 3446 est,
470 3379 542 3434 atati
552 3396 602 3436 vos
614 3379 907 3435 hortamurinhuma-
956 3382 1034 3437 sterii
1045 3382 1080 3436 ab
1096 3379 1289 3437 ecclesiasticis
1304 3380 1365 3435 lieri
1387 3396 1446 3435 non
1467 3381 1580 3446 debeat,
1603 3379 1756 3452 siquando

112 3462 196 3518 nitate
214 3466 361 3537 suspendi,
377 3470 405 3522 et
432 3468 546 3541 sepeliri
566 3468 675 3524 ibidem
692 3472 833 3538 mortuos,
863 3472 906 3525 vel
957 3471 1113 3542 resexigit;
1137 3466 1754 3525 sedabbaslocicumabbatibusaliisrerum

111 3552 244 3608 celebrari
259 3556 369 3623 missas,
385 3557 696 3614 nullaulteriushabita
706 3558 908 3615 contradictio·
957 3559 1149 3615 inventarium
1161 3557 1543 3629 faciat.0uotiesautcmpro
1559 3556 1682 3612 utilitate
1693 3572 1756 3611 mo-

111 3643 373 3715 ne‚permittas;nec
383 3646 636 3720 denuoqucrelam
650 3649 686 3704 de
696 3649 741 3704 his
752 3665 816 3721 quae
833 3648 909 3703 dicta
959 3648 1075 3704 casterii
1088 3648 1131 3703 sui
1146 3648 1183 3703 ad
1197 3647 1363 3720 pontificem
1379 3647 1543 3702 Romanum
1557 3645 1645 3701 abbas
1658 3644 1756 3700 venire

109 3731 907 3810 sontpraedictusvirvenerabilisdeponerecompellatum
958 3739 1002 3793 vel
1017 3736 1213 3793 transmittere
1223 3736 1297 3793 forte
1314 3733 1445 3802 volucrit,
1473 3735 1499 3790 ei
1513 3733 1607 3790 modis
1622 3733 1757 3789 omnibns

110 3819 183 3889 quod
194 3836 252 3876 oon
263 3820 369 3878 debeat
376 3823 526 3896 episcopus
535 3825 908 3883 monasteriuminhibcrea
958 3826 1050 3881 liceat.
1070 3827 1223 3894 Praeterea,
1239 3841 1304 3878 curn
1320 3823 1520 3896 episcoporum
1536 3823 1674 3877 adventus
1685 3819 1757 3876 desi·

110 3906 238 3966 missis.»
255 3911 327 3966 item
341 3911 509 3967 llartiniauo
525 3913 659 3985 episcopo
675 3913 739 3986 (lo,
763 3915 840 3979 itio„
857 3932 905 3982 vu,
957 3914 1093 3970 deranter
1110 3931 1127 3969 a
1143 3911 1324 3969 monasteriis
1344 3911 1469 3967 debcant
1493 3909 1660 3983 exspectari,
1689 3908 1756 3982 quia

112 3996 285 4070 l8.lndict.1):
298 3998 650 4065 «Quamsitnecessarium
658 4003 905 4060 monasteriorum
955 4005 1054 4059 tamen
1069 4001 1234 4075 hospitandi
1246 4001 1395 4057 occasione
1417 3999 1589 4071 praedictum
1608 4000 1754 4053 monaste·

110 4085 193 4155 quieti
203 4088 366 4160 prospicere
388 4093 417 4145 et
430 4090 465 4146 dc
476 4106 577 4146 corum
599 4091 751 4147 securitate
765 4096 906 4166 perpetua
955 4091 1031 4148 rium
1041 4092 1221 4163 temporibus
1229 4087 1386 4145 decessoris
1398 4088 1481 4143 vestri
1492 4087 1574 4142 nobis
1586 4085 1753 4140 fuissenun-

110 4176 237 4244 tractare,
252 4180 418 4234 anteactum
426 4179 618 4248 vosofficium,
630 4180 708 4252 quod
720 4180 750 4236 in
761 4181 904 4254 regimine
954 4180 1108 4236 tiatumest
1118 4178 1457 4252 praegravatumoportet
1467 4175 1560 4230 utboe
1569 4173 1757 4229 sanctitasve·

110 4265 273 4321 monasterii
287 4266 464 4330 exhibuistis,
474 4267 661 4324 informatltt
672 4269 748 4333 ideo,
765 4271 833 4344 quia
845 4288 905 4328 mo·
955 4271 1014 4323 stra
1026 4269 1161 4323 decenter
1169 4267 1273 4321 debeat
1283 4267 1457 4337 temperare,
1473 4267 1504 4318 ut
1510 4262 1644 4318 visitandi
1650 4263 1753 4318 exhor·

108 4353 259 4408 rosarium
281 4355 433 4410 beatorum
451 4355 570 4412 loannis
592 4356 764 4430 etStepbani
788 4359 904 4432 quodin
954 4358 1094 4430 fandique
1103 4352 1466 4429 gratiaadmonasterinm,
1483 4352 1595 4425 quoties
1603 4350 1753 4424 placuerit,

110 4439 260 4500 classitana
271 4444 384 4500 civitate
398 4446 589 4502 constitutum
608 4452 661 4517 est,
676 4450 722 4505 cui
737 4451 901 4506 communis
915 4409 942 4470 D
955 4446 991 4502 ab
998 4445 1128 4518 ejusdem
1137 4442 1566 4499 civitatisantistiteaccedatur:
1580 4439 1753 4496 sedsiccba-

108 4527 319 4588 filiusClaudius
334 4533 423 4588 abbas
437 4551 558 4606 praeesse
575 4537 764 4610 dignoscitur,
782 4541 903 4596 multaa
954 4534 1046 4590 ritatis
1057 4533 1185 4591 officium
1195 4532 1251 4588 illic
1261 4531 1546 4604 episcopusimpleat,
1557 4533 1753 4601 utgravamen

106 4621 904 4699 predecessoribusvestrisprajadiciuntquegravamina
954 4624 1071 4697 aliquod
1085 4621 1293 4679 monasterium
1306 4637 1364 4676 non
1377 4620 1514 4675 incurrat.
1531 4619 1661 4674 Vestram
1687 4635 1754 4674 vero

105 4710 903 4784 penubsaecognovimus,oportetutfraternitatisvestrae
953 4712 1167 4768 fraternitatem
1185 4711 1340 4782 praedictus
1354 4709 1443 4766 abbas
1454 4709 1612 4765 oonsolom
1622 4723 1680 4763 uon
1690 4723 1755 4762 me-

106 4798 223 4864 provisio
232 4815 337 4854 eorum
347 4798 383 4853 de
393 4799 490 4855 futura
499 4800 708 4874 quietesalubri
718 4805 902 4862 ordinatione
952 4795 1753 4870 toitadmonasterinmfrequcnteraccedere,sedetiam

107 4883 389 4960 disponat‚quatenus
395 4892 597 4946 conversantes
605 4891 662 4946 illic
673 4891 702 4946 in
716 4893 766 4947 oei
774 4895 900 4958 servitio,
952 4888 1178 4946 desiderabiliter
1189 4887 1374 4959 concupiscit,
1383 4886 1475 4942 sciens
1485 4885 1563 4958 qood
1572 4900 1625 4957 per
1633 4900 1681 4938 vos
1691 4883 1756 4938 sub-

107 4968 412 5050 ipsiusqnoquegratia
423 4976 889 5052 suffragante,liberiperseverent
952 4978 1057 5033 stantia
1068 4974 1234 5032 monasterii
1251 4975 1373 5031 omniuo
1385 4974 1497 5046 gravari
1514 4989 1572 5028 non
1588 4972 1685 5042 possit.
1704 4993 1717 5020 ιι

108 5059 210 5134 Sedne,
224 5085 256 5122 ex
265 5083 302 5122 ea
315 5084 379 5139 quae
393 5069 486 5140 magis
496 5069 680 5125 emendanda
695 5075 738 5126 est
751 5077 900 5128 consuetu.
986 5067 1022 5121 Ut
1036 5063 1183 5137 privilegia
1193 5063 1425 5119 etordinationes
1435 5065 1464 5117 et
1474 5062 1590 5116 decreta
1600 5062 1678 5117 boati
1687 5061 1755 5116 Gre-

109 5147 178 5222 dine,
192 5155 312 5227 quisque
321 5153 511 5228 illicquolibet
524 5160 657 5229 tempore
667 5159 795 5232 quidque
807 5162 899 5218 mole·
950 5153 1023 5228 gorii
1038 5157 1067 5208 et
1077 5151 1441 5208 aliorumsanctorumsine
1450 5149 1546 5223 aliqua
1555 5148 1752 5220 refragatione

110 5239 163 5295 stiae
180 5246 337 5313 praesumat
359 5244 477 5312 inferre,
505 5261 622 5301 necesse
647 5251 690 5302 est
716 5252 747 5302 ut
761 5249 822 5304 haec
836 5266 901 5321 qnae
950 5245 1121 5300 serventur:
1138 5259 1154 5294 c
1169 5240 1313 5296 Bonifacio
1328 5239 1423 5310 primo
1440 5238 1586 5296 defensori
1599 5236 1666 5310 (ld.,
1683 5235 1747 5292 idid.

109 5322 219 5386 iuferius
236 5333 436 5389 enumeranda
448 5333 620 5404 curavimus,
645 5334 686 5391 ita
709 5335 901 5395 fraternitatis
950 5350 997 5400 vri,
1017 5331 1060 5404 tr)
1082 5347 1089 5384 :
1117 5329 1319 5385 Ecclesiasticis
1333 5327 1505 5384 utilitatibus
1519 5328 1645 5410 fideliter
1670 5326 1750 5382 insu·

111 5421 200 5474 restrae
209 5421 304 5476 studio
315 5420 597 5487 debeaotcustodiri,
608 5428 638 5480 ut
648 5441 682 5480 cx
695 5425 735 5481 eis
744 5443 802 5482 non
811 5429 902 5500 possit
951 5422 1053 5477 dantes
1067 5435 1195 5491 congruo
1208 5420 1275 5474 sunt
1288 5415 1428 5473 beneficio
1460 5414 1664 5488 prosequendi,
1677 5418 1709 5469 ut
1723 5420 1752 5469 et

112 5505 217 5564 oileum
235 5509 397 5566 inferendae
411 5509 618 5584 inquietudinis
631 5514 742 5571 occasio
763 5520 898 5589 reperiri.
951 5528 1004 5567 nos
1018 5507 1199 5581 respondisse
1214 5523 1316 5563 eorum
1329 5506 1417 5576 digne
1428 5503 1571 5578 obsequiis
1585 5503 1747 5564 videamur,

110 5591 198 5653 bubus
219 5600 305 5671 igitur
321 5600 396 5654 ultra
416 5600 521 5656 audeat
535 5601 571 5656 de
583 5599 732 5672 reditibus,
756 5607 841 5662 rebus
857 5611 899 5665 vel
950 5604 979 5656 et
992 5599 1033 5655 illi
1046 5602 1075 5654 et
1085 5597 1197 5654 indulta
1211 5595 1303 5668 gratia
1320 5594 1447 5650 utiliores
1462 5595 1593 5650 existant.
1610 5612 1624 5643 ιι
1637 5591 1671 5644 st
1684 5592 1750 5660 post

110 5686 184 5744 raris
195 5687 324 5761 predicti
335 5688 568 5756 monasterii,vet
580 5689 616 5748 de
630 5691 693 5750 loco
703 5693 798 5769 aliquo
810 5697 903 5772 quiad
950 5700 1065 5777 aliqua:
1082 5720 1097 5752 ιι
1110 5697 1176 5756 lloec
1188 5695 1285 5770 itaque
1297 5691 1484 5754 institutionis
1508 5693 1615 5751 nostre
1636 5688 1752 5746 decreta
