3936 6172
214 355 270 428 m
537 359 752 422 SleES'lRlll
772 357 873 423 Pbl’AE
891 359 970 424 ΟΡΡ.
991 361 1082 424 PARS
1100 361 1146 420 ltt.
1164 387 1202 406 ···
1220 358 1329 430 erma.
1347 357 1391 418 ET
1407 357 1549 420 butue.
1817 359 1872 426 2ss

213 481 399 544 subveniatis.
412 478 482 550 oue
494 482 634 558 quoniam
647 482 731 558 regni
745 483 921 542 Francorum
932 485 1019 558 caput
1030 489 1059 552 Α
1069 482 1275 558 episcoporum
1286 482 1396 557 judicio
1421 483 1585 558 relinquere
1601 482 1677 546 volo.
1693 483 1751 544 lice
1775 501 1873 546 rursus

202 577 269 644 est,
277 573 301 630 ei
312 572 476 646 deperierit,
486 575 518 630 ut
526 572 660 630 membra
669 575 826 647 sequautur
836 590 952 632 necesse
964 577 1018 631 eet.
1070 575 1171 629 contra
1185 572 1602 648 episcoporumjudicium,ubi
1615 575 1710 648 molor
1719 577 1874 635 auctoritas

214 663 411 738 ecquomodo
427 679 486 720 non
498 661 881 736 depcril,queesuhnominc
895 662 1019 720 duorum
1071 661 1154 730 adsit,
1176 678 1241 717 eem
1267 662 1349 736 quasi
1367 679 1420 736 per
1443 663 1502 720 vim
1517 663 1643 722 retinere
1658 664 1789 737 dispono.
1804 665 1874 733 one

219 752 301 830 quasi
312 752 388 810 iuter
402 752 542 810 melleum
556 753 587 807 el
610 750 757 821 incudem,
775 751 923 825 disposita,
949 753 1019 808 dum
1067 749 1177 822 judicia
1187 750 1257 807 dum
1268 754 1411 825 exspecto,
1423 751 1566 822 exsilium,
1579 754 1686 827 quoda
1698 755 1795 812 multis
1806 755 1874 814 felix

219 858 322 900 eorum
344 846 481 899 neutrum
504 844 649 898 rectorem
670 841 822 915 approbat,
843 842 921 898 velut
945 841 1021 900 inter
1070 842 1198 914 putatur,
1220 856 1280 897 non
1296 839 1359 898 sine
1374 841 1466 898 multo
1481 841 1697 900 dolorctolero.

217 932 312 990 undas
321 930 482 988 merissine
497 930 608 1004 remige
618 929 757 988 fluctuet?
768 929 842 996 Quid
854 946 941 1003 porro
957 930 1020 988 llari
1337 927 1505 986 EPISTOLA
1534 929 1608 986 ctx.

216 1020 334 1096 putetis,
348 1020 370 1076 si
384 1020 487 1079 tertius
501 1019 684 1094 sinejudicio
708 1019 839 1076 Ecclesiae
858 1020 897 1076 ed
915 1036 1020 1077 nume·
1107 1015 1237 1074 Occurrit
1248 1015 1320 1074 mibi
1342 1017 1463 1074 senioris
1480 1018 1539 1075 mei
1553 1019 1631 1092 regis
1645 1018 1776 1078 lietberti
1795 1024 1876 1080 clare

216 1127 283 1170 rum
295 1109 465 1168 accesserit?
479 1109 577 1183 Neque
591 1124 659 1166 uero
674 1108 737 1165 hec
751 1109 865 1182 loquor,
880 1112 1020 1182 tanquam
1070 1105 1167 1176 facies,
1179 1107 1260 1163 letus
1269 1109 1411 1180 aspectus,
1427 1107 1541 1164 visitate
1554 1109 1708 1182 colloquia,
1723 1127 1876 1170 sermones

209 1195 310 1272 ‘augur
324 1201 374 1256 eut
383 1197 505 1255 divinus.
519 1196 635 1254 tuemini
643 1196 732 1252 etiam
747 1213 829 1254 moos
842 1196 1020 1272 conspirasse
1071 1195 1306 1269 vestrisapientie
1318 1198 1347 1252 et
1361 1195 1502 1269 gravitate
1517 1197 1607 1271 pleni,
1630 1201 1693 1254 tum
1707 1199 1876 1273 principum

215 1303 276 1345 neu
288 1288 381 1343 solum
396 1285 511 1354 milites,
525 1285 577 1342 sed
600 1287 630 1342 et
644 1284 772 1354 clericos,
788 1287 820 1340 ut
843 1301 929 1341 nemo
957 1301 1019 1341 me·
1071 1288 1101 1342 et
1115 1284 1317 1359 episcoporum
1332 1287 1416 1360 grate
1431 1285 1595 1356 ellebilitee,
1618 1303 1683 1360 quse
1704 1288 1776 1346 mihi
1800 1289 1880 1349 dum

216 1393 282 1433 cum
297 1375 474 1444 comederet,
490 1391 578 1432 nemo
594 1374 681 1431 sacris
696 1374 858 1452 interesset.
875 1372 966 1430 Taceo
984 1374 1019 1429 de
1071 1372 1201 1446 eripitur,
1218 1372 1279 1446 ipse
1294 1373 1511 1446 quodammodo
1526 1375 1584 1431 rite
1602 1391 1725 1432 onerose
1739 1380 1791 1438 est.
1805 1378 1876 1436 Sole

214 1465 323 1522 vilitate
349 1467 380 1520 et
400 1467 579 1536 contemptu,
601 1463 673 1518 nihil
697 1462 760 1518 dico
787 1462 823 1518 de
847 1461 1021 1535 grauissimis
1071 1463 1383 1520 mibisoletiocstcleri
1400 1463 1518 1520 (laeseris
1529 1464 1648 1522 Othonis
1667 1465 1770 1539 pietas,
1789 1467 1875 1524 beni-

215 1551 329 1625 injuriis
343 1568 420 1625 saepe
433 1551 504 1608 mihi
520 1551 675 1624 eplurihus
689 1551 784 1608 illatis.
800 1550 844 1606 ad
859 1551 920 1606 heac
930 1552 962 1606 ut
976 1566 1021 1606 re·
1071 1552 1208 1621 volentia,
1219 1552 1387 1622 liberalitas,
1396 1551 1445 1626 qui
1455 1555 1537 1610 muto
1550 1570 1650 1610 eruore
1660 1571 1709 1612 ros
1721 1559 1876 1630 vestraque

216 1641 555 1716 dcemprorocelis,ctut
564 1640 698 1713 graviore
708 1638 813 1712 patiar,
824 1639 1022 1711 minassuper·
1072 1638 1175 1712 diligit,
1190 1643 1222 1695 ut
1232 1639 1293 1695 dies
1307 1643 1463 1713 noctesque
1477 1656 1766 1700 mecumscrmonem
1777 1642 1879 1700 conie-

215 1731 297 1788 addit
309 1728 440 1804 epistola.
450 1728 525 1796 Quid
537 1728 622 1786 estio
636 1726 890 1800 divinamejestesl
907 1727 1020 1786 adeone
1071 1729 1127 1795 rat,
1143 1727 1192 1784 ubi
1207 1731 1236 1783 et
1251 1727 1367 1802 quando
1381 1744 1430 1785 vos
1443 1727 1625 1786 familiariter
1639 1729 1737 1788 ridere
1757 1733 1850 1805 possit
1864 1750 1874 1790 ε

215 1836 264 1876 me
279 1818 464 1887 infatuatum,
472 1818 515 1874 rel
527 1834 544 1873 a
556 1820 584 1874 te
597 1817 793 1874 abalienatum
804 1818 919 1890 putent,
931 1819 963 1873 ut
976 1817 1020 1872 vel
1031 1822 1057 1882 Β
1071 1833 1199 1873 coeevum
1210 1815 1300 1876 sibiet
1314 1816 1414 1874 studiis
1423 1816 1605 1874 consimilem
1616 1818 1762 1876 seniorem
1773 1837 1876 1878 mcum

214 1905 929 1983 gladiosimminentesnonrideam,velEcclesiam
940 1909 1020 1962 tuam
1070 1921 1172 1979 regem
1187 1906 1346 1963 liebertum
1362 1906 1470 1980 alloqui
1494 1910 1523 1963 cl
1540 1907 1727 1981 complexari.
1746 1907 1775 1966 Si
1802 1925 1877 1982 ergo

213 1997 369 2056 schismate
378 1995 711 2069 confundemlEgorero
720 1995 1022 2066 improborumrersu·
1071 1993 1236 2052 itomanam
1249 1994 1314 2064 iter,
1328 1995 1407 2070 quod
1419 2012 1502 2052 causa
1522 1995 1680 2069 plurimum
1700 1996 1802 2069 synodi
1826 2014 1878 2054 me

215 2083 1022 2159 liasacuteconspicio,etcontreomnieschismateuui-
1072 2082 1193 2152 detinet,
1202 2082 1877 2158 hoctemporcdiletumtuerit,circeNorembr.

215 2179 307 2234 telem
321 2175 500 2244 Ecclesioe,si
523 2173 563 2230 sic
581 2175 731 2232 decretum
755 2177 808 2242 est,
832 2177 928 2230 morte
954 2188 1022 2230 mee
1072 2171 1665 2246 Kalmcexspectabitis,etherumrerum
1683 2172 1881 2248 interpretem

216 2264 353 2323 delendo.
364 2266 433 2322 Peto
444 2280 549 2336 crgo,o
562 2263 757 2320 dominemea
768 2279 885 2336 semper
893 2263 1022 2334 Auguste
1072 2259 1254 2330 lldissimum,
1267 2263 1298 2316 et
1311 2277 1364 2334 per
1376 2260 1476 2318 omnia
1489 2261 1568 2318 vobis
1583 2260 1780 2320 obedientem.

216 2352 289 2410 ilem
304 2352 470 2410 airetribus
489 2352 562 2408 meis
586 2351 771 2425 coepiscopis,
792 2350 842 2424 qui
860 2366 913 2426 pro
937 2366 1023 2408 causa
1338 2349 1506 2408 EPlSTOLA
1520 2349 1606 2407 ctxt.

217 2440 366 2498 traditoris
373 2440 526 2512 arnulphi,
540 2439 681 2512 sivejuste
694 2439 751 2496 sire
771 2438 810 2512 ini
816 2442 877 2496 uste
887 2439 939 2495 sub
953 2455 1022 2496 ene·
1210 2455 1247 2494 an
1259 2455 1487 2497 cousraarruuu
1500 2456 1733 2498 scuouesrrcuu.

218 2530 350 2588 themate
360 2527 446 2603 positi
462 2531 540 2594 suut,
554 2531 586 2584 ut
600 2543 647 2584 me
662 2526 807 2599 judicium
828 2528 958 2585 Ecclesim
973 2544 1022 2584 ex·
1107 2527 1153 2582 Vis
1166 2525 1299 2584 amicitie·
1313 2544 1389 2601 pene
1404 2527 1594 2602 impossibilia
1608 2527 1715 2602 redigit
1730 2528 1767 2586 ad
1782 2528 1881 2603 possi·

217 2620 397 2693 spectantem
407 2616 847 2692 patienterlerent.Nequeenim
855 2617 1020 2686 Ecclesiam,
1071 2615 1151 2686 bilia,
1167 2619 1222 2674 etc.
1238 2615 1338 2672 Ecstor
1352 2634 1443 2690 cupre,
1460 2616 1548 2675 libello
1560 2617 1602 2674 De
1616 2634 1790 2674 numerorum
1800 2617 1884 2678 diui-

217 2723 307 2782 quem
321 2707 523 2784 episcoporum
534 2706 644 2782 judicio
663 2706 825 2782 regendam
837 2705 944 2782 accepi,
960 2705 1022 2763 siue
1072 2708 1145 2764 sione
1151 2706 1276 2779 prefixa.

541 2888 910 2997 EPISTOLAE
957 2889 1143 2994 ALIAE
1190 2887 1550 2993 GERBERTI

255 3079 375 3141 corana
398 3080 512 3140 Andree
537 3081 689 3139 Duelleseio
709 3083 830 3155 primam
856 3097 889 3136 ce
913 3095 963 3140 ou.
990 3079 1134 3152 exemplari
1158 3080 1256 3137 Jocola'
1276 3080 1417 3139 Sirrnoudi
1441 3080 1582 3138 societatis
1602 3081 1667 3138 decu
1696 3084 1725 3139 iu
1758 3081 1845 3140 lucem

1007 3177 1093 3237 edite.

735 3340 819 3415 (Huc.
835 3339 937 3398 Frons.
952 3340 1053 3415 Scapt,
1069 3344 1143 3400 tum.
1157 3341 1191 3406 ll,
1206 3357 1274 3416 pag.
1291 3341 1366 3416 823.)

487 3509 656 3568 EPlSTtlLll
669 3509 768 3568 Cbllll.
1040 3515 1064 3575 G
1078 3511 1205 3584 mysticis
1217 3512 1308 3570 ebluit
1319 3512 1511 3570 secrementis
1522 3531 1530 3584 ;
1543 3513 1633 3579 bunc,
1658 3514 1791 3588 laquem,
1811 3513 1897 3572 dici-

279 3612 407 3656 euecrro
424 3615 549 3656 seuuner
564 3617 710 3660 eeuoeuu
722 3613 941 3658 aecurerrscoer
956 3617 974 3657 e
1077 3617 1143 3658 mus
1160 3601 1358 3660 Laeduneusis
1367 3603 1500 3660 Ecclesie
1511 3603 1615 3672 lilium,
1630 3605 1669 3673 et,
1683 3607 1715 3660 ut
1730 3604 1825 3662 verius
1838 3605 1898 3662 ie-

491 3705 647 3748 oeeeeero
660 3707 759 3748 nerra.
1077 3691 1201 3758 warner,
1218 3691 1375 3772 Remensis.
1390 3693 1429 3748 lie
1437 3691 1546 3765 quippe
1558 3692 1657 3750 civiles
1669 3693 1812 3750 ilemense
1827 3697 1899 3752 ter-

261 3777 373 3837 Senctoe
388 3795 421 3836 ac
436 3779 590 3838 universali
602 3780 733 3838 Ecclesiae
745 3779 893 3838 catholicas
904 3781 1028 3839 salutem
1077 3777 1223 3848 ritorium,
1239 3779 1389 3838 tiernensis
1403 3781 1541 3854 perochie
1555 3784 1600 3837 est
1615 3798 1621 3837 :
1638 3797 1692 3838 nec
1709 3782 1748 3838 sic
1763 3798 1781 3838 e
1795 3784 1896 3842 besto

224 3868 325 3927 dicunt
339 3869 390 3926 lilii
405 3870 563 3928 Remorum
576 3870 757 3942 meuopolis.
1054 3913 1061 3920 .
1077 3867 1210 3941 Remigio
1225 3868 1326 3936 divise,
1340 3875 1371 3926 ut
1383 3869 1468 3927 lieret
1479 3869 1584 3926 aliena.
1605 3869 1747 3928 Nimirum
1770 3871 1819 3929 ille
1839 3873 1898 3931 vir

260 3959 337 4018 llirae
349 3960 591 4033 memoriepetre
601 3963 699 4020 nostum
711 3962 745 4016 A.
763 3977 861 4018 sensus
874 3977 1029 4036 corporeos
1077 3957 1136 4013 neo
1152 3957 1265 4032 plenus,
1281 3957 1423 4015 unitatem
1433 3962 1584 4033 appetens,
1595 3977 1654 4018 non
1669 3960 1899 4018 scissionemnr-

224 4049 642 4124 reliuquente,clerumlumcn
652 4049 774 4121 pesteris
783 4049 942 4119 emisimus,
952 4067 1027 4124 pree·
1076 4045 1197 4114 sectans,
1214 4045 1254 4102 sic
1266 4046 1350 4104 scidit
1360 4051 1392 4104 ut
1405 4048 1566 4104 cohaereret
1580 4051 1657 4107 velut
1671 4065 1738 4123 pers
1750 4049 1781 4106 iu
1805 4051 1895 4111 toto.

224 4139 261 4196 da
270 4139 397 4196 hostium
408 4139 698 4212 lectisumus.lteque
707 4139 777 4195 dum
788 4139 936 4208 molimur,
942 4156 1028 4196 eone·
1076 4135 1111 4190 El.
1125 4134 1189 4208 quis
1200 4138 1231 4192 et
1242 4139 1367 4208 quantus
1377 4136 1497 4194 tutums
1512 4141 1585 4194 esset
1597 4137 1771 4212 intelligens,
1782 4141 1896 4198 nutele

223 4243 291 4284 mur
305 4227 379 4285 tanti
394 4227 446 4284 viri
468 4227 607 4285 resarcire
626 4228 733 4284 ruinas.
749 4228 929 4302 lilapsesunt
942 4245 1028 4286 ceno·
1076 4225 1170 4281 solum
1186 4224 1283 4282 beavit
1302 4225 1457 4282 sacerdotii
1479 4226 1632 4300 dignitate.
1651 4227 1789 4302 Eliglmus
1807 4243 1893 4300 crgo

224 4315 290 4373 nice
305 4319 450 4388 tempore,
466 4316 578 4373 violate
594 4320 662 4374 sunt
676 4318 765 4390 leges,
786 4317 890 4390 quibus
909 4321 1027 4375 cavetur
1075 4313 1152 4370 hunc
1173 4314 1356 4386 ernulphum
1370 4314 1438 4370 hinc
1460 4318 1569 4385 ortum,
1584 4315 1631 4372 bic
1649 4317 1814 4385 educatum,
1833 4316 1894 4374 Si-

222 4405 332 4462 nullem
339 4405 812 4480 sedemempliustrigintedierum
822 4407 915 4480 spatio
925 4424 1026 4464 uacare
1076 4403 1216 4460 moniecee
1233 4403 1374 4460 hereticis
1385 4408 1544 4476 expertem,
1558 4405 1713 4462 electione
1728 4406 1896 4480 tyrannice

222 4494 464 4568 licere.Nuncque
478 4495 596 4552 tandem
612 4496 793 4569 pulsantibus
812 4495 909 4553 divine
927 4497 974 4553 lux
995 4513 1025 4552 se
1074 4495 1233 4561 remotum,
1247 4509 1297 4549 sua
1313 4493 1416 4566 cuique
1430 4493 1530 4550 debite
1539 4494 1609 4567 jure
1621 4494 1897 4560 reddenlcm‚sem-

221 4583 367 4658 apperuit,
375 4587 406 4640 et
414 4599 666 4657 quosequcremur
678 4584 813 4652 ostendit,
823 4584 942 4659 depulso
952 4584 1025 4640 enti·
1058 4581 1218 4638 ·ctuerium
1229 4581 1280 4638 Dei
1288 4598 1348 4638 non
1360 4582 1559 4654 dissipantem.
1573 4584 1637 4642 Sint
1647 4585 1745 4658 procul
1769 4585 1806 4640 ab
1818 4585 1894 4643 cle·

220 4672 339 4742 cbristo,
356 4671 633 4730 Simoniecabaeresi
647 4672 796 4729 damnate.
813 4673 1023 4746 Nos,iuquem,
1075 4669 1171 4726 ctione
1186 4674 1286 4726 nostra
1301 4670 1383 4726 dolus
1398 4673 1427 4728 et
1429 4711 1509 4730 .......
1526 4676 1773 4744 neoputcnteem
1794 4673 1831 4730 ed
1849 4693 1894 4734 se

220 4761 270 4837 qui
282 4761 407 4819 dicimur
424 4761 550 4835 episcopi
563 4761 717 4818 dicecesam
736 4763 894 4820 liemarum
914 4766 1023 4820 melro-
1073 4759 1220 4830 pertinere
1234 4759 1460 4825 liliillcliel,lilii
1474 4761 1552 4834 pacis
1564 4765 1593 4818 et
1609 4762 1772 4818 concordie
1790 4762 1895 4821 stubi·

219 4851 303 4924 polis,
318 4867 385 4908 cum
401 4850 482 4908 omni
496 4852 584 4920 clero,
601 4850 704 4908 diversi
720 4850 830 4908 ordinis
845 4854 953 4926 populo
975 4849 1059 4910 ec-D
1074 4851 1131 4906 lem
1147 4852 1176 4904 et
1190 4848 1311 4905 solidam
1328 4849 1537 4923 inperpetuum
1550 4849 1892 4922 lacientcoollrmaudo,

218 4939 375 5009 clemente,
389 4939 556 4998 orthodoxis
567 4939 684 5014 regibus
699 4939 805 4996 noetus
815 4941 1024 5000 consentienti·
1073 4935 1300 5004 corroborando,
1315 4937 1533 4997 subscribendo.

217 5027 281 5097 bus,
302 5027 437 5102 eligimus
455 5027 539 5086 nobie
565 5029 595 5086 in
616 5029 770 5102 presulem
796 5029 889 5087 virum
915 5030 1022 5102 pictate
1321 5025 1490 5084 EPlSTOLb
1515 5027 1625 5085 CLXlll.

216 5121 416 5190 prestantem,
432 5118 489 5176 ilde
503 5117 830 5192 insignem,consleulia
845 5119 1019 5188 mirabilem,
1143 5133 1179 5172 ux
1192 5130 1321 5174 reesoue
1334 5132 1483 5174 aeeutrur
1498 5133 1641 5176 reuersis
1661 5133 1802 5176 erescere.

215 5205 246 5262 in
261 5206 386 5264 consiliis
393 5206 650 5280 providumnebus
656 5206 792 5280 gerendis
799 5209 948 5281 aptumlu
962 5225 1020 5281 quo
1107 5204 1164 5260 Etsi
1180 5205 1274 5261 adbuc
1289 5221 1384 5277 neque
1397 5205 1427 5262 in
1439 5206 1700 5280 republioe,neque
1712 5207 1742 5264 iu
1752 5209 1890 5282 private,

215 5295 261 5352 he
275 5295 405 5366 virtutes,
419 5313 484 5370 quse
498 5295 539 5352 sic
560 5297 636 5352 clerc
661 5295 801 5366 relucent,
825 5295 931 5354 indicio
953 5299 1020 5353 sunt
1071 5293 1149 5350 nulla
1165 5293 1269 5350 merite
1284 5292 1368 5350 nobis
1378 5294 1447 5362 siut,
1463 5294 1507 5350 bis
1517 5297 1614 5352 mmcu
1626 5296 1741 5354 errimus
1752 5297 1891 5359 minime

214 5385 440 5442 ceteresabesse
448 5401 507 5441 non
517 5400 610 5457 posse.
621 5385 804 5458 Arnulpbum
814 5381 936 5442 dicimus
943 5385 1019 5456 regis
1070 5382 1160 5462 deest,
1171 5383 1378 5457 specialiusque
1389 5383 1607 5457 quodammodo
1619 5385 1828 5442 inardescimus
1839 5392 1891 5448 ad

217 5471 455 5530 Lotbariilllium.
466 5473 558 5540 Quem
568 5473 621 5530 etei
635 5474 709 5532 altus
720 5474 839 5546 sanguis
859 5472 927 5530 vitiu
945 5477 1019 5530 tcm-
1068 5473 1283 5546 comparandos
1293 5489 1326 5530 ec
1340 5474 1508 5532 retinendos
1523 5477 1632 5531 vestros
1642 5474 1769 5532 affectus.
1786 5475 1831 5534 Ob
1843 5479 1890 5538 id

213 5562 294 5637 poris
308 5563 361 5620 sub
371 5564 557 5620 anathemate
566 5561 675 5636 positus
687 5562 784 5636 aliquo
795 5561 895 5620 iniecit
915 5566 1015 5620 conte·
1067 5561 1164 5635 itaque
1177 5562 1335 5620 Gerardum
1350 5563 1505 5636 antiquum
1521 5563 1645 5622 militem
1661 5567 1786 5621 uesuum
1810 5565 1884 5626 vine

211 5650 278 5728 gio;
299 5653 350 5710 sed
364 5655 463 5711 tauma
490 5651 566 5712 huno
594 5654 688 5710 mater
714 5650 839 5712 Ecclesia
858 5649 1014 5725 puriliceus
1066 5651 1257 5722 intercutem,
1272 5652 1488 5710 ecbeuesscium
1503 5652 1593 5710 nostri
1608 5652 1700 5710 lldelis
1722 5652 1880 5716 Guenirici
