3862 6170
13 345 14 359 .
100 323 138 382 ,57
601 303 764 370 aurosa
776 303 1000 375 mmcoauu.
1016 335 1051 353 -
1066 305 1130 366 arn.
1146 305 1167 364 v.
1668 307 1721 366 aas

14 467 15 476 ¹
100 465 126 505 an
136 459 190 502 eum
203 434 382 496 multitudine
397 432 547 494 adveniret
561 433 711 491 exereitus.
728 432 779 492 llle
793 449 822 492 se
833 433 904 500 ia-t,
915 433 1061 506 legatione
1077 433 1218 508 fungitur.
1235 433 1417 490 Festinamus
1427 431 1516 507 igitur
1531 429 1568 490 ed
1577 432 1722 508 pralium,

13 551 14 580 t
99 539 163 602 tetur,
173 527 258 604 paucis
271 523 433 598 assumptis,
453 539 554 580 eorum
567 523 759 596 expetiturum
776 524 863 580 collo·
917 524 946 578 et
960 521 995 576 de
1012 522 1109 579 divina
1124 523 1310 596 protectione
1324 521 1425 578 conlisi
1435 522 1552 578 hostiles
1561 523 1721 596 phalanges

99 623 183 696 quium.
198 617 297 672 Rursus
311 614 474 684 interrogat
488 613 629 668 Paternus
646 613 744 666 utrum
759 611 865 668 armati
917 611 1124 684 aggrediamur
1152 612 1297 686 intrepidi.
1329 637 1343 662 ιι
1367 612 1424 668 llac
1449 611 1623 668 allocutione
1643 612 1722 668 ducis

14 737 15 751 .
98 711 169 770 asserd
182 723 213 764 au
226 705 360 760 inermes.
381 701 454 756 Dicit
477 699 525 757 illc
550 700 646 756 :Suos
667 716 769 756 omues
788 701 865 757 iner-
917 699 1038 758 animati
1054 700 1106 757 viri
1121 700 1234 758 virtutis
1254 703 1356 757 contra
1379 701 1476 756 hostes
1503 700 1723 776 proficiscuntur

98 815 142 856 uas
153 797 284 861 venturos,
303 794 333 846 et
345 793 376 846 ut
390 789 493 846 itidem
511 788 612 844 Franci
627 789 867 860 saciautpostula-
917 789 1004 846 corde
1019 791 1175 860 constanti,
1193 794 1243 846 aut
1253 790 1367 846 vincere
1384 788 1522 846 autmari
1535 790 1639 863 parati.

97 893 163 944 tures.
178 882 219 938 llis
239 879 373 937 omuibus
393 877 579 934 consentiens
595 878 746 946 Paternus,
762 877 799 934 ad
815 877 865 934 do·
1220 879 1334 934 CAPUT
1353 879 1416 934 XXI.

96 976 275 1032 miuumsuum
293 984 451 1041 regressus,
475 967 590 1023 nuntiat
605 966 631 1022 ei
644 984 708 1039 quae
724 983 865 1040 eognove·
1004 967 1046 1022 De
1067 967 1155 1022 omine
1172 967 1291 1022 uictoriae
1306 973 1330 1022 et
1351 984 1434 1023 cerusa
1454 967 1631 1039 apparitione.

95 1069 128 1122 rat
138 1059 329 1134 complacuisse
345 1057 454 1113 Gothis.
471 1057 643 1129 Progressus
653 1056 751 1129 itaque
762 1056 866 1114 Clodo·
951 1055 983 1110 ln
996 1055 1051 1110 hoc
1064 1055 1139 1111 bello
1156 1055 1284 1112 divinum
1301 1054 1342 1110 illi
1356 1055 1479 1112 adfuisse
1494 1055 1629 1112 auxilium
1639 1056 1722 1129 sigua

95 1167 167 1208 veuse
179 1147 292 1205 Francia
306 1147 384 1202 venit
399 1145 429 1202 io
442 1143 641 1218 Aquitaniam,
658 1147 687 1200 et
707 1147 864 1218 autequam
917 1145 1120 1200 alteoostensa
1129 1145 1300 1200 docuerunt.
1311 1144 1395 1214 Nam,
1404 1145 1473 1200 dum
1484 1145 1723 1218 legatosmunera

95 1238 227 1314 perveniret
246 1235 284 1294 ad
310 1236 406 1292 locum
425 1232 531 1306 placito
562 1233 750 1302 destinatum,
779 1249 866 1306 supra
916 1231 1043 1288 terentes
1058 1231 1373 1306 adsepulcrumsancti
1394 1233 1525 1289 mitteret
1539 1233 1662 1302 Martini,
1678 1235 1721 1292 di-

98 1329 261 1384 nemoralum
290 1322 389 1396 dirigit
411 1323 552 1395 legatum,
573 1339 631 1396 quo
657 1321 758 1378 habitu
782 1321 866 1378 Gothi
917 1321 957 1377 xit
968 1319 1009 1376 eis
1024 1337 1032 1378 ς
1048 1343 1062 1374 u
1075 1323 1115 1377 lte
1131 1325 1160 1377 et
1181 1339 1198 1377 a
1216 1321 1334 1378 basilica
1353 1322 1444 1378 sancti
1466 1322 1580 1378 Martini
1595 1322 1667 1378 mihi
1683 1321 1719 1378 si-

96 1418 218 1472 sterentur
231 1414 457 1487 exploraturum.
917 1425 1009 1482 gnum
1021 1408 1147 1465 victoriae
1163 1410 1279 1466 referte.
1301 1428 1317 1462 a
1332 1410 1478 1465 Abeuntes
1493 1409 1533 1465 illi
1549 1409 1620 1466 dum
1632 1412 1722 1468 eccle·

117 1503 168 1571 out,
181 1502 244 1558 dum
266 1499 384 1558 Alarico
406 1499 469 1572 regi
488 1500 713 1572 colloqueretur,
736 1499 864 1555 terreum
916 1496 988 1554 siam
1005 1497 1456 1569 oratu1·iintraut,voxcantoris
1476 1515 1578 1554 eorum
1595 1498 1723 1556 insonuit

92 1591 138 1648 ostii
145 1591 245 1647 obicem
254 1606 322 1646 eum
334 1604 387 1660 pro
396 1589 596 1644 baculomanu
602 1604 703 1660 gerere
712 1585 862 1661 persensit,
916 1585 1043 1654 auribus,
1061 1587 1182 1642 dicens:
1197 1585 1372 1642 Precineisti
1385 1603 1437 1654 nte,
1449 1585 1723 1656 Dernv'ne,cirtutecd

91 1677 520 1754 etquodreliquiidamtacerent
534 1674 864 1750 agnovitApprehensa-
917 1673 1022 1742 bellum,
1045 1681 1070 1730 et
1096 1676 1266 1732 inimicorum
1292 1692 1412 1730 meorum
1434 1675 1532 1730 dedisti
1559 1677 1627 1730 milvi
1645 1675 1723 1731 dorsa

91 1785 130 1842 que
140 1768 205 1840 mgis
214 1767 327 1836 dextra,
343 1765 414 1822 dixit
425 1765 451 1822 ei
469 1783 476 1821 :
493 1788 507 1815 α
526 1764 863 1838 Quid,inquit,orex,te
915 1760 1004 1836 (Psut.
1021 1765 1145 1832 xv11,40,
1159 1763 1723 1837 ll).l.aetantesilli,orationecomplcta

89 1855 142 1914 lesit
158 1855 288 1912 dominus
308 1870 389 1910 meus
409 1853 567 1910 Clodovaus
581 1857 610 1909 et
629 1853 742 1922 Franci,
759 1855 790 1908 ut
811 1871 865 1910 nos
917 1851 1144 1926 muneribusque
1160 1850 1273 1920 oblatis,
1290 1852 1351 1926 regi
1367 1853 1483 1924 signum
1498 1852 1624 1909 victoriae
1637 1855 1722 1910 alteo

91 1943 168 2000 fraude
181 1943 387 2000 machinareris
402 1941 561 2016 deciperet
575 1961 591 1996 a
603 1942 665 2008 Quo
681 1945 818 2014 negante,
836 1944 866 1998 ct
915 1939 970 1996 sihi
996 1957 1165 1998 concessum
1188 1941 1376 2014 depromunt,
1393 1945 1421 1997 et
1436 1943 1563 1998 alacrem
1580 1942 1721 2002 alliciunt.

89 2049 152 2088 ause
161 2032 193 2088 ed
203 2032 336 2105 jurgium
348 2048 438 2104 usque
454 2030 643 2103 procedente,
656 2029 809 2086 delinitum
822 2033 865 2086 est
917 2013 1096 2085 Cumeulism
1106 2029 1414 2103 llumen,cuitligenna
1423 2047 1531 2087 nomen
1543 2031 1722 2102 est,transire

90 2121 207 2192 utjudicio
216 2118 401 2187 Theudorici,
415 2119 574 2174 Gothorum
585 2118 671 2192 regis,
680 2117 763 2190 cujus
776 2135 865 2192 supra
917 2117 1175 2188 deliberarel,dum
1189 2119 1360 2176 vadumnon
1373 2120 1527 2184 inveniret,
1537 2137 1571 2176 eo
1581 2121 1721 2193 quodllu-

88 2208 255 2278 meminimus,
267 2209 332 2264 haec
342 2223 387 2264 res
399 2207 705 2263 terminaretur.Uude
717 2207 803 2263 ambo
818 2225 865 2264 re·
918 2207 979 2262 vius
989 2207 1090 2280 pluviis
1098 2211 1197 2264 auctus
1210 2209 1420 2274 exvvndavisset,
1432 2209 1475 2265 his
1484 2210 1641 2266 Dominum
1656 2227 1720 2265 vcr-

85 2299 230 2370 gcslegatos
247 2298 288 2354 ad
303 2313 372 2352 eum
390 2295 419 2350 in
434 2295 558 2364 ltaliam,
570 2295 865 2368 ubietregnabat,di·
917 2295 961 2350 bis
980 2313 1100 2352 exorare
1119 2297 1205 2370 coepit
1220 2315 1227 2354 :
1245 2321 1259 2348 (ι
1274 2298 1410 2368 Trinitas,
1425 2299 1530 2372 iuquit,
1545 2299 1574 2354 iu
1590 2299 1721 2372 personis
1750 2367 1755 2374 Ι

86 2385 234 2458 riguntoui,
248 2385 400 2459 utriusque
410 2385 607 2459 partisagnita
620 2401 715 2453 eausa,
727 2385 825 2440 statuit
836 2387 868 2440 ut
919 2386 1003 2454 Deus,
1017 2387 1046 2440 et
1061 2385 1089 2441 in
1098 2387 1250 2459 maiestate
1263 2404 1346 2456 unus,
1355 2387 1723 2446 mihieontraadversarios

84 2477 170 2547 legatus
183 2477 496 2544 Francorum‚ascenso
506 2489 580 2546 equo
592 2477 658 2531 aute
674 2474 751 2530 iores
763 2474 863 2545 palatii
918 2472 986 2528 lldci
997 2473 1145 2530 catholicae
1170 2475 1320 2530 victoriam
1343 2476 1482 2545 tribuens,
1508 2477 1622 2534 facilem
1637 2478 1723 2549 hujus

84 2563 141 2637 regis
151 2565 247 2622 Alarici
256 2568 349 2633 stans,
361 2564 500 2620 elevatam
511 2566 624 2620 teneret
638 2562 751 2618 hastam
763 2580 864 2632 manu,
919 2561 990 2618 alvei
1004 2563 1130 2618 concede
1143 2564 1310 2620 transitum.
1323 2587 1337 2614 »
1353 2564 1514 2621 Anvtuithis
1521 2567 1655 2640 precibus
1665 2568 1721 2622 cle-

83 2668 241 2726 superquam
257 2652 390 2709 Alaricus
402 2655 431 2707 et
446 2651 529 2707 Gothi
545 2668 578 2707 eo
592 2669 681 2724 usque
696 2651 811 2724 copiam
819 2651 865 2724 ja·
919 2667 1001 2706 meus
1017 2651 1093 2707 auris
1109 2651 1332 2726 Omnipoteutis.
1344 2652 1473 2728 Cumque
1483 2654 1664 2711 illucescente
1676 2656 1722 2712 die

83 2740 863 2814 cerentuummorumargentiquousquesummitasopc·
918 2742 1013 2794 castra
1028 2740 1194 2809 movissent,
1213 2758 1278 2797 ecce
1303 2759 1387 2797 cerva
1415 2744 1548 2816 quaedam
1573 2762 1602 2800 se
1627 2745 1720 2802 subito

81 2830 165 2886 viretur
177 2832 270 2901 couti;
289 2846 414 2905 quorum
438 2845 554 2886 summa
574 2829 734 2884 solidorum
752 2828 789 2884 ad
806 2827 859 2884 do·
916 2828 1120 2901 conspectibus
1129 2830 1479 2902 corumingrassitlllitut
1489 2833 1578 2889 rnons
1586 2834 1722 2888 estFrau-

81 2919 180 2974 minium
199 2919 350 2976 deveniret
363 2918 440 2992 regis
462 2917 650 2973 Francorum.
677 2916 794 2972 Reversi
811 2916 860 2990 qui
913 2918 1554 2992 eorum,venatuiscilieetiusistero)praedam
1573 2925 1718 2992 putantes,

80 3007 172 3064 luerent
185 3009 263 3065 missi
276 3007 418 3080 judicium
434 3005 565 3062 referunt
585 3005 662 3078 regis
678 3004 860 3074 Theudorici,
912 3020 977 3059 eam
990 3004 1071 3061 avide
1082 3005 1284 3080 insequuntur.
1294 3007 1398 3080 Atipsu
1409 3009 1531 3064 transito
1541 3009 1719 3064 ssumineva·

81 3096 140 3166 quod
151 3098 241 3153 cuncti
258 3097 455 3153 laudaverunt
475 3095 587 3150 Franci.
612 3093 669 3150 Sed
688 3094 772 3150 Gothi
789 3093 819 3150 id
831 3111 860 3150 se
874 3105 899 3165 c
911 3091 982 3148 dum
993 3094 1127 3163 ostendit,
1145 3112 1177 3150 ac
1191 3094 1326 3170 deinceps
1342 3096 1411 3153 nulli
1428 3097 1601 3170 comparuit.
1620 3098 1660 3152 lta
1669 3113 1718 3152 rex
1830 3157 1836 3174 Ι

79 3201 123 3240 uon
135 3203 210 3260 pesse
222 3187 349 3259 implere
372 3185 525 3250 dixerunts
546 3185 665 3256 insuper
688 3187 717 3238 et
731 3184 859 3256 legatum
911 3197 977 3236 curn
992 3183 1072 3239 omni
1085 3184 1209 3240 exercitu
1225 3187 1407 3241 transmeans
1432 3186 1552 3242 Pictavis
1573 3187 1716 3260 pervenit,

79 3271 861 3346 Clodoveicontumeliisalieceruut.Naruquadamnocte
913 3274 941 3325 ct
954 3272 1031 3328 haud
1045 3275 1145 3346 procul
1159 3291 1176 3328 a
1189 3273 1308 3330 basilica
1323 3275 1412 3331 sancti
1429 3275 1526 3331 llilarii
1543 3274 1668 3331 tentoria
1682 3275 1716 3330 tl-

78 3359 130 3418 dum
141 3364 183 3420 ille
195 3365 224 3420 iu
235 3362 502 3434 solariocuiusdam
511 3361 614 3418 dovtrus
623 3360 783 3416 dormitum
793 3361 862 3416 isset
913 3359 962 3428 xit,
979 3359 1132 3434 edictoque
1149 3363 1327 3433 conspescuit
1338 3364 1479 3437 populum
1490 3363 1538 3436 qui
1553 3381 1650 3419 seeum
1665 3366 1716 3421 ad-

77 3451 142 3506 Cothi
156 3453 319 3509 tabulatum
345 3451 423 3524 quod
441 3453 509 3507 ante
533 3450 640 3506 lectum
657 3449 718 3522 ejus
738 3452 801 3505 erat
814 3450 861 3504 de·
912 3453 984 3518 erat,
1000 3466 1038 3505 ne
1053 3449 1123 3523 quid
1150 3450 1179 3506 in
1202 3467 1237 3506 ea
1261 3452 1409 3524 provincia
1430 3456 1577 3527 raperent,
1595 3453 1716 3508 nescibi

77 3541 229 3606 struxerunt,
242 3540 306 3616 qui,
320 3539 501 3613 adrequisita
516 3538 586 3594 dum
593 3541 726 3611 surgeret
736 3541 858 3606 naturae,
912 3537 1030 3611 quidem
1043 3540 1204 3594 necessaria
1215 3553 1298 3609 ,curn
1314 3557 1379 3596 ecca
1391 3541 1587 3597 medionoctis
1599 3540 1714 3597 silentio
1730 3615 1736 3620 ,

76 3628 132 3696 pede
145 3631 221 3704 lapso
235 3628 358 3702 corruit,
379 3627 556 3702 brachioque
573 3627 699 3684 contrito
714 3627 760 3683 vix
782 3627 860 3682 vivus
910 3627 1018 3699 pharus
1032 3627 1121 3700 ignea
1135 3628 1194 3684 visa
1210 3631 1252 3685 est
1267 3629 1365 3701 egredi
1381 3631 1416 3684 ab
1432 3629 1556 3685 Ecclesia
1566 3630 1656 3685 sancti
1667 3629 1716 3686 lli·

76 3719 154 3774 evasa.
174 3719 308 3775 Festinus
328 3717 425 3792 itaque
445 3717 541 3772 natale
561 3717 655 3772 solum
677 3716 795 3789 repetit,
816 3715 859 3772 rei
910 3715 985 3783 larii,
1002 3731 1036 3770 ae
1052 3732 1138 3788 super
1152 3717 1369 3772 tabernaculum
1384 3717 1413 3772 in
1425 3735 1481 3790 quo
1492 3735 1541 3774 rex
1550 3718 1715 3792 quiescebat

75 3811 144 3874 gesta
158 3808 294 3866 ordinem
308 3807 359 3862 eia
372 3823 429 3881 quo
444 3805 547 3862 missus
559 3805 858 3878 iue1·atpandit,ilebi-
909 3803 1067 3876 protendit.
1087 3804 1226 3859 Conserto
1243 3822 1312 3878 ergo
1333 3807 1432 3879 praelio
1448 3807 1514 3861 victi
1528 3807 1611 3862 Gothi
1632 3810 1714 3880 targa

75 3893 169 3970 lemque
183 3916 242 3956 suaa
262 3899 415 3971 querelam
436 3913 574 3952 aerumnae
597 3895 800 3954 miserabiliter
812 3895 859 3950 do·
911 3893 1066 3947 verterunt.
1084 3892 1711 3964 luteripsasvcroconlcrtissimasaciesClo·

74 3985 169 4050 promit.
185 3987 242 4042 ilex
259 4002 333 4058 ergo
352 3984 519 4054 Clodoveus,
541 3985 570 4040 iu
590 3984 695 4040 talibus
712 4002 772 4042 non
795 4000 858 4040 esse
910 3979 1016 4035 doveus
1027 3997 1092 4035 cum
1107 3981 1219 4037 Alarico
1235 3985 1384 4037 certamen
1400 3981 1473 4037 iniit.
1497 3983 1627 4055 Cumque
1644 3999 1711 4038 cum

74 4076 328 4140 procrastinandum
342 4073 519 4142 ratus,simul
529 4073 697 4146 proinjuria
711 4073 857 4146 legatiirae
909 4072 994 4125 terrm
1009 4070 1218 4144 prostravisset,
1231 4073 1259 4126 ct
1272 4089 1329 4144 qua
1341 4071 1445 4127 lethale
1456 4073 1557 4126 vulnus
1568 4071 1713 4144 iutligeret

73 4159 383 4237 impatiens,cougregal
394 4164 651 4236 exercitum,que1u
663 4164 712 4219 tali
723 4164 857 4219 hortatur
909 4158 1075 4228 rimaretur,
1093 4160 1148 4215 duo
1160 4159 1244 4215 Gothi
1256 4177 1324 4216 curn
1340 4175 1357 4215 a
1373 4162 1463 4216 latere
1481 4160 1573 4216 contis
1588 4159 1709 4227 leriunt;

74 4251 183 4308 oratione
196 4253 234 4309 ad
247 4270 385 4327 pugnam
400 4271 407 4308 :
423 4253 577 4323 «Virtutis,
591 4253 695 4328 inquit,
711 4255 822 4323 uestrae,
838 4269 856 4310 0
908 4248 958 4303 sed
972 4253 1091 4322 propter
1102 4249 1223 4306 lorIcam
1249 4267 1316 4306 eum
1335 4253 1486 4306 vulnerare
1509 4250 1709 4325 nequiverunt.

9 4343 11 4418 ὲ
72 4336 200 4397 tortissimi
208 4341 440 4410 commilitones,
450 4357 575 4410 securus,
587 4340 857 4397 animositatemve-
1205 4339 1317 4396 CAPUT
1332 4342 1409 4396 llllll.

9 4425 11 4488 ζ
73 4429 144 4484 stram
159 4431 265 4486 nullius
281 4430 491 4486 exhortationis
505 4429 637 4502 indigam
648 4429 855 4501 judico.Quarn
1084 4428 1127 4484 De
1141 4428 1299 4486 Theoderici
1313 4430 1530 4502 expeditionibus.

9 4583 11 4596 Ι
72 4515 129 4572 adeo
142 4519 236 4576 hostes
251 4519 451 4576 extimuerunt
467 4521 497 4574 ut
514 4521 641 4591 legatum
665 4522 796 4574 nostrum
811 4518 855 4574 in·
943 4519 1021 4590 Rege
1045 4517 1143 4592 itaque
1165 4519 1290 4588 Alarico,
1313 4521 1361 4594 qui
1381 4521 1554 4592 Gothosper
1572 4523 1710 4576 therinos
1786 4561 1787 4564 η

72 4603 143 4661 lenda
156 4609 233 4665 cade
248 4608 397 4681 perimere
413 4609 528 4664 vellent.
546 4607 706 4663 Ostendant
726 4607 856 4681 proiecto
908 4607 1709 4676 rexerat,hocmodointertecto‚Clodoveustiliumsuum

72 4695 178 4752 setotius
185 4698 261 4754 iram
272 4696 368 4770 geritis
379 4713 436 4752 non
444 4697 708 4770 posscpcrpeti,qui
720 4697 857 4752 uniusex·
908 4693 1118 4750 theodoricum
1133 4712 1199 4751 cum
1209 4696 1303 4753 valido
1314 4697 1454 4752 exercitus
1463 4697 1664 4770 supplemento
1674 4696 1711 4752 ad

9 4801 10 4806 ¹
72 4791 192 4849 parerent
203 4785 400 4844 constantiam
416 4785 514 4857 legati.
532 4786 590 4842 lloe
600 4787 693 4841 solum
706 4802 756 4841 vos
774 4802 857 4842 nosse
908 4784 1071 4858 superiores
1084 4785 1146 4858 ejus
1158 4785 1256 4858 dirigit
1271 4787 1355 4858 regni
1366 4789 1471 4858 partes.
1489 4785 1712 4859 Qui,pcrvagata

71 4872 148 4944 cupio,
163 4875 242 4931 vobis
259 4875 412 4930 adversum
429 4873 655 4930 immanissimos
673 4876 780 4944 hostes,
797 4892 857 4932 non
909 4873 990 4928 omni
1000 4874 1159 4947 provincia,
1176 4875 1334 4947 Ruthenos,
1351 4875 1551 4948 Cadurcosque
1562 4877 1647 4948 atque
1658 4875 1710 4930 Ar·

71 4973 111 5026 pm
119 4964 288 5037 conjugibus
297 4967 347 5020 aut
357 4963 529 5032 liberis,non
541 4963 628 5020 etiam
638 4980 691 5035 pro
703 4964 857 5037 acquiren-
908 4979 996 5018 venos
1009 4964 1131 5038 subegit,
1146 4968 1175 5021 et
1184 4966 1222 5021 ad
1235 4968 1349 5038 patrem
1365 4965 1455 5020 victor
1470 4963 1565 5034 rediit,
1583 4963 1632 5040 qui
1642 4969 1711 5021 tvvne

72 5043 104 5101 dis
114 5055 260 5108 certamen
277 5069 338 5110 esse
352 5051 467 5120 divitiis,
478 5051 529 5107 sed
537 5051 631 5125 potius
646 5069 698 5125 pro
709 5051 857 5126 insepera-
909 5051 938 5107 in
951 5054 1156 5127 Burdagalensi
1173 5056 1243 5112 urbe
1258 5055 1546 5112 hiemabat.Brumali
1559 5059 1655 5111 autem
1669 5071 1713 5109 re-

72 5131 110 5190 bili
124 5147 227 5199 sanctae
239 5142 390 5198 Trinitatis
405 5142 526 5209 unitate,
540 5158 627 5214 quam
650 5141 689 5197 illi
712 5143 857 5198 nefandis·
909 5144 1030 5200 cedente
1039 5145 1135 5217 rigore
1145 5145 1311 5218 vernalique
1318 5145 1487 5202 succedente
1497 5143 1714 5218 temperie,Clo·

71 5221 129 5281 simo
143 5229 276 5288 dividunt
288 5248 405 5300 errore,
423 5231 461 5286 ad
476 5231 638 5287 extremum
651 5248 704 5304 pro
714 5230 859 5287 divinissi·
911 5233 1016 5294 doveus
1028 5235 1161 5291 Tolosam
1176 5236 1258 5308 petit.
1271 5235 1340 5291 lnde
1356 5235 1505 5292 thesauros
1515 5233 1617 5290 Alarici
1632 5231 1683 5287 aul
1700 5261 1711 5271 -

73 5317 118 5368 mul
131 5318 320 5394 humanisque
329 5321 522 5394 legibusque.
532 5321 702 5392 injuriarum
715 5323 865 5405 immunes
911 5340 977 5378 rens
1002 5325 1039 5379 ad
1063 5325 1260 5397 Engolismarn
1275 5327 1423 5398 properat.
1445 5327 1475 5378 ln
1491 5324 1571 5396 cujus
1587 5321 1713 5378 adventu

71 5405 187 5462 sanciunt
199 5408 312 5466 debere
327 5428 387 5466 esse
402 5427 452 5466 eos
467 5410 697 5483 quimediatorcs
712 5411 860 5467 hostilium
913 5431 1012 5470 neurus
1031 5414 1118 5480 urbis,
1133 5413 1230 5470 divino
1244 5417 1316 5468 nutu
1331 5418 1538 5487 sponlerueus,
1549 5407 1713 5466 advenienti

72 5490 220 5554 efficiuntur
234 5515 398 5556 armorum.
410 5501 487 5555 luter
498 5517 581 5556 arina
592 5518 718 5574 namque
733 5502 860 5572 hostilia,
913 5503 976 5576 regi
989 5505 1121 5576 apertum
1138 5503 1260 5576 praebuit
1287 5503 1350 5558 iter.
1375 5502 1427 5567 Qui
1448 5501 1594 5557 tudversos
1608 5497 1715 5554 Gothos

72 5580 121 5637 uta
134 5585 237 5660 legatio
254 5589 331 5660 pacis
345 5593 496 5666 sequestra
514 5593 566 5648 est.
585 5591 667 5646 Exuit
681 5591 795 5648 hostem
810 5591 859 5666 qui
915 5609 987 5665 quos
999 5590 1038 5648 ibi
1052 5593 1161 5666 reperit
1172 5591 1269 5666 gladio
1280 5589 1439 5647 interemit.
1451 5590 1516 5647 Pari
1531 5585 1714 5646 etiammedo
