4022 6188
241 401 308 460 iter
893 397 1035 459 romnis
1048 397 1128 460 ayla
1142 398 1245 460 aare
1812 413 1866 472 im

240 528 317 592 runt,
332 541 381 580 seu
396 539 460 596 quae
473 519 502 578 in
517 520 604 576 antea
621 517 769 594 acquirere
784 525 913 594 possunt.
926 521 967 594 {Si
979 521 1080 594 quisA
1094 524 1194 594 gleclae
1209 525 1355 593 vilescant,
1366 524 1409 580 vel
1432 524 1561 597 qualibet
1574 523 1657 582 nacla
1670 525 1813 598 occasione,
1827 532 1863 588 de·

240 611 495 684 autempraelatum
510 609 653 683 praedium
670 627 687 665 a
702 611 841 666 canonice
860 611 971 667 Sancte
986 613 1043 667 Ma·
1094 612 1864 687 bitasolemnitatecareantl’roptereaomnihussaucle

241 703 291 758 riae
306 701 418 756 auferre
428 699 559 766 voluerit,
570 699 761 754 anathematis
770 699 883 755 vinculo
891 703 1043 774 perpetua·
1094 700 1144 756 Dei
1156 701 1434 771 Ecclesicefidelibus,
1445 703 1634 774 presentibus
1641 704 1863 776 scilicetetluluris,

240 789 306 844 liter
319 805 349 844 se
365 787 435 842 sciat
446 804 506 844 esse
525 787 760 844 condemnatum.
776 787 916 844 Placitum
929 804 1044 861 quoque
1094 791 1195 844 notum
1209 807 1269 846 esse
1281 791 1411 846 volumus
1420 790 1488 862 quie
1502 791 1620 846 dilectus
1638 795 1666 848 et
1680 793 1818 865 spiritualis
1826 814 1864 851 no-

241 877 318 952 quod
330 879 505 950 peregerunt
513 876 642 948 praedioli
655 875 787 932 canonici
796 893 863 932 cum
883 876 1042 950 archipres-
1094 878 1236 933 sterilius
1249 877 1407 946 Heinricus,
1424 878 1646 949 gloriosissimus
1671 884 1751 953 atque
1767 881 1864 938 invictis

240 968 341 1038 bytero
361 965 512 1033 Bonizonc,
529 965 665 1036 jubemus
679 983 732 1039 per
750 965 936 1040 apostolicam
946 969 1043 1022 aucto·
1093 967 1182 1023 simus
1196 983 1256 1030 rer,
1268 967 1364 1022 divina
1374 965 1534 1037 inspirante
1550 968 1713 1038 clementia,
1724 969 1756 1024 de
1767 972 1865 1043 propriis

241 1056 357 1114 ritatem
371 1059 403 1110 ut
415 1055 510 1110 nullus
520 1053 576 1110 dux
593 1055 650 1111 sive
665 1055 805 1124 marchio,
821 1055 981 1128 episcopus,
995 1071 1042 1110 co·
1093 1055 1271 1112 hereditaria
1289 1055 1384 1123 rebus,
1401 1071 1453 1128 pro
1468 1072 1520 1110 sua
1545 1071 1721 1130 suorumque
1738 1062 1864 1129 parentum

242 1163 315 1213 mes,
328 1145 494 1212 vicecomes,
508 1143 551 1198 vel
566 1160 676 1216 magna
687 1160 830 1217 parvaque
841 1143 968 1200 hominis
978 1159 1043 1215 per·
1094 1145 1202 1213 anima,
1218 1144 1414 1217 episcopatum
1429 1144 1459 1198 in
1470 1145 1589 1217 locoqui
1601 1145 1704 1200 dieitur
1713 1146 1864 1218 babenberk,

242 1251 314 1290 sona
328 1234 433 1289 audeat
446 1233 516 1289 illud
535 1233 692 1306 requirere,
719 1234 762 1288 vel
785 1232 961 1304 recapitare3
978 1231 1046 1304 quia
1094 1235 1227 1305 perlectae
1242 1231 1308 1286 fidei
1323 1235 1351 1285 et
1369 1231 1515 1286 charitatis
1526 1232 1693 1306 devotione,
1709 1233 1738 1287 in
1752 1235 1867 1291 bonorem

242 1326 341 1378 umen
357 1322 393 1378 ad
413 1322 502 1378 nostri
525 1323 700 1394 apostolatus
715 1321 899 1394 praesentiam
922 1321 1045 1376 relatum
1095 1320 1252 1376 beatissimi
1265 1320 1340 1375 Petri
1355 1321 1552 1390 apostolorum
1568 1322 1705 1395 principis
1719 1337 1775 1379 esse
1785 1325 1866 1379 consti·

244 1410 322 1467 estin
331 1414 484 1482 conspectu
494 1410 643 1466 bonizonis
655 1409 894 1482 archipresbyteri
904 1409 1046 1482 quidquid
1095 1409 1158 1478 tuit,
1167 1408 1394 1464 commutatione
1404 1409 1584 1480 faclejureac
1595 1410 1791 1482 legalitarcum
1801 1413 1867 1467 licia-

171 1485 173 1496 '
244 1501 583 1574 ipseperstudiumsuae
602 1499 790 1572 malignitatis
804 1499 834 1554 in
846 1514 895 1554 eos
910 1497 1044 1570 deliquit3
1095 1497 1154 1554 rico
1165 1496 1391 1568 wirzeburgensi
1407 1496 1541 1570 episcopo
1556 1499 1591 1554 de
1606 1498 1702 1573 aliqua
1712 1501 1784 1574 parte
1802 1517 1866 1572 pere

244 1589 295 1662 qui
309 1591 405 1644 autem
417 1589 486 1644 illud
498 1589 634 1662 placitum
648 1588 794 1662 requirere
821 1587 1045 1660 presumpserit,
1095 1587 1167 1642 chiae
1177 1585 1219 1641 sui
1235 1585 1422 1658 episcopatus.
1436 1585 1515 1640 Unde
1528 1587 1615 1642 etiem
1627 1587 1773 1661 praedictus
1784 1590 1868 1662 episto

245 1681 391 1749 perpetuae
400 1677 594 1734 maledictioni
605 1678 759 1749 subJaceat.
1097 1691 1149 1748 pus
1163 1675 1247 1730 nobis
1257 1689 1322 1729 suas
1335 1672 1444 1728 litteras
1458 1673 1546 1742 misit,
1565 1678 1606 1743 ut,
1615 1693 1668 1731 suo
1683 1677 1866 1750 consensum-i-

281 1765 472 1822 Gonstitutum
495 1768 523 1821 el
545 1768 693 1837 peractum
708 1768 752 1820 est
768 1764 823 1820 hoc
840 1767 1017 1838 praeceptum
1031 1781 1048 1819 a
1061 1735 1086 1796 Β
1097 1763 1200 1835 vilegio
1215 1766 1319 1818 nostrae
1332 1761 1496 1834 apostolice
1520 1764 1699 1820 auctoritatis
1719 1765 1867 1838 episcopatus

245 1854 329 1910 nohis
344 1855 373 1909 in
386 1870 511 1925 persona
522 1852 728 1909 canonicorum
741 1853 771 1910 S.
784 1853 890 1921 Mariae,
907 1851 1046 1925 quisunt:
1098 1853 1209 1908 noviler
1223 1855 1312 1908 lactus
1328 1849 1507 1907 fundaretur.

279 1945 379 1999 Petrus
394 1944 509 2000 Domini
519 1944 613 2016 gratia
627 1943 866 2016 archipresbyter.
1135 1943 1190 1997 Pro
1206 1959 1263 2015 qua
1276 1942 1387 2000 ratione
1412 1940 1560 1998 Heinricus
1575 1942 1716 1998 secundus
1729 1942 1868 2015 &odorisi-

279 2033 379 2088 Petrus
393 2033 519 2088 decanus
533 2036 562 2088 et
579 2035 689 2088 cantor.
1097 2047 1162 2086 mus
1175 2048 1225 2087 rer
1236 2031 1352 2088 nuntios
1367 2049 1433 2089 suos
1443 2032 1480 2088 ad
1490 2037 1543 2087 nos
1558 2029 1673 2098 direxit,
1688 2030 1814 2104 quiaobis
1823 2032 1868 2088 hcc

279 2121 403 2177 loannes
417 2121 644 2179 archidiaconus.
1097 2119 1198 2175 omnia
1216 2119 1354 2190 dicerent,
1370 2124 1399 2176 el
1414 2137 1467 2177 nos
1479 2134 1531 2193 pro
1551 2120 1605 2175 hac
1620 2119 1689 2174 sede
1702 2120 1869 2176 confirmanda

278 2211 404 2268 ioannes
418 2212 514 2282 presb.
532 2207 761 2282 etprimicerius.
1097 2207 1324 2282 interpellarent.
1333 2207 1633 2283 Cujussanclissimam
1643 2207 1870 2268 imitationemlia·

278 2299 408 2356 Andreas
423 2298 582 2372 presbyter.
1097 2294 1436 2370 limationemtlpaterna
1450 2301 1480 2354 et
1493 2296 1675 2371 precordiali
1690 2295 1826 2351 dilectione
1835 2295 1869 2351 ia·

277 2389 374 2444 albizo
394 2389 489 2460 presb.
506 2390 534 2442 el
544 2390 647 2442 custos.
1095 2388 1218 2456 tuentes,
1230 2403 1385 2443 omnesres
1395 2403 1466 2460 quas
1479 2387 1508 2441 B.
1516 2387 1600 2442 Petro
1615 2384 1869 2458 apostolorumprin·

277 2475 445 2531 Dominicus
458 2476 616 2548 presbyter.
740 2507 744 2516 -
1094 2473 1630 2548 cipi,inlocoprenominato,legitima
1643 2473 1755 2530 ratione
1765 2473 1869 2528 echela

275 2563 457 2620 amalfredus
474 2563 636 2636 presbyter.
1094 2563 1224 2632 contulit,
1245 2566 1351 2619 nostre
1365 2563 1540 2619 auctoritatis
1557 2562 1709 2636 privilegio
1725 2563 1868 2619 confirmare

276 2647 361 2707 Ursus
376 2653 536 2725 presbyter.
1095 2649 1323 2720 decernimus,ea
1331 2651 1463 2707 videlicet
1470 2651 1583 2707 ratione
1591 2652 1774 2727 utepiscopus
1781 2650 1869 2723 ejuslo

275 2739 378 2796 Bonizo
392 2738 551 2812 presbyter.
1093 2739 1871 2813 ci,etquiinperpetuumsuiluerimsuccessoresoasceu·

272 2829 397 2886 loannes
412 2829 570 2902 presbyter.
1094 2845 1127 2883 ra
1136 2827 1344 2900 tranquillitate
1354 2827 1529 2899 possideant,
1541 2830 1570 2882 et
1579 2827 1703 2884 liberam
1710 2829 1869 2900 hsbcantpo
1964 2831 1965 2848 ²

274 2917 331 2974 Leo
351 2919 509 2991 presbyter.
1092 2917 1639 2991 testalemresetproprielatesejusdem
1650 2915 1869 2974 ecclesieordiaa·

273 3006 389 3064 Theudo
405 3009 564 3082 presbyter.
1052 3009 1077 3074 G
1093 3005 1869 3079 reatquecomponere,veletiamaugmentare;dissipert

273 3095 388 3152 Uvinizo
400 3097 560 3170 presbyter.
1091 3111 1158 3150 sero
1173 3095 1444 3169 atqueconiundere
1458 3095 1566 3150 nullam
1580 3095 1868 3168 habeantpoteslatcm.

272 3184 405 3240 elbertus
418 3186 577 3258 presbyter.
1127 3179 1869 3257 Nostraquoqueauctoritatesancimusuliinterruiais

272 3273 397 3330 loannes
409 3274 557 3330 diaconus.
1090 3275 1119 3328 et
1131 3272 1161 3327 in
1181 3273 1267 3329 rebus
1283 3271 1412 3345 ejusdem
1437 3271 1566 3328 ecclesiae
1589 3273 1673 3328 nulla
1699 3272 1734 3329 sit
1750 3269 1868 3328 infestatio

270 3362 371 3418 Petrus
384 3361 532 3417 diaconus.
1088 3366 1292 3435 tyrannorum,
1308 3361 1352 3416 vel
1365 3359 1489 3416 aliorum
1516 3361 1716 3432 quorumlibet
1739 3371 1868 3435 pravorum

270 3449 419 3505 hlbaricus
432 3449 580 3505 diaconus.
1087 3449 1254 3526 hominum,
1264 3449 1322 3506 sive
1333 3448 1392 3504 sint
1403 3447 1556 3504 incivitate
1568 3447 1631 3523 ipsa
1647 3448 1816 3516 Babenberli,
1824 3444 1868 3500 sire

272 3535 438 3592 dominicus
447 3536 595 3594 decenus.
1088 3537 1120 3592 in
1146 3536 1268 3593 castellis
1295 3540 1324 3592 et
1344 3535 1427 3606 villis,
1449 3535 1576 3592 serviset
1591 3531 1868 3607 confluentinum,

270 3624 327 3680 Leo
340 3623 469 3682 clericus.
1089 3625 1217 3697 decimis,
1236 3625 1400 3695 forestibus,
1428 3623 1514 3693 silvis,
1535 3624 1752 3696 piscationibus,
1765 3621 1869 3680 renate
1962 3667 1963 3670 ,

270 3713 364 3769 bonus
381 3713 457 3771 illius
472 3715 601 3773 clericus.
1089 3715 1184 3784 nibus,
1203 3712 1389 3782 molendinis,
1416 3712 1537 3785 campis,
1558 3712 1660 3785 pratis,
1674 3711 1789 3787 pascuis,
1804 3707 1869 3765 terris

270 3802 390 3862 Obertus
405 3804 534 3861 clericus.
1088 3803 1171 3859 cultis
1186 3807 1214 3858 et
1227 3801 1352 3872 incultis,
1368 3805 1398 3857 et
1411 3800 1552 3876 quidquid
1566 3800 1657 3858 modo
1670 3801 1737 3857 illuc
1757 3799 1868 3874 perlinat,

270 3892 307 3948 Ut
320 3895 418 3950 autem
429 3891 522 3949 verius
532 3890 673 3962 credatur,
687 3895 716 3948 et
727 3892 908 3950 ahomnihus
923 3908 1039 3950 conser-
1088 3893 1131 3949 vel
1147 3893 1177 3948 in
1191 3892 1320 3950 futurum
1333 3889 1442 3964 acquiri
1467 3888 1566 3963 possit,
1582 3905 1635 3964 per
1654 3893 1758 3946 nostra
1769 3885 1868 3944 crebri

235 3984 326 4051 retur,
337 3981 544 4056 perpetualiter
561 3981 666 4038 nostris
685 3980 809 4054 propriis
826 3980 953 4038 articulis
968 3999 1038 4038 con·
1089 3981 1155 4038 tetis
1169 3980 1352 4055 privilegium
1376 3978 1606 4045 corroboratum,
1633 3977 1666 4033 in
1686 3994 1781 4035 secura
1793 3975 1868 4049 quicto

235 4069 413 4126 firmavimus
448 4071 503 4126 hoe
530 4069 724 4143 privilegium,
758 4070 876 4143 insuper
909 4073 1039 4126 nostram
1089 4064 1867 4145 permaneat.Nullusibicomes'autjudexlegemlacere

235 4159 370 4234 papalem
382 4159 491 4215 bullam
502 4159 600 4215 subter
611 4158 722 4230 imponi
734 4159 882 4231 jussimus.
1089 4153 1690 4232 praesumet,nisiquamperconcessionem
1697 4148 1868 4228 gloriosissimi

271 4247 396 4302 loannes
415 4247 461 4320 (2),
477 4247 573 4303 divim
586 4251 734 4319 praeeunte
747 4247 910 4318 clementia,
933 4251 1039 4305 sancte
1089 4248 1166 4321 regis
1178 4246 1302 4304 Heinrici
1317 4247 1361 4302 rel
1376 4260 1572 4301 successorum
1587 4243 1649 4316 ejus
1668 4243 1808 4316 episeopus
1827 4235 1869 4292 loci

236 4335 383 4392 catholicae
396 4335 527 4392 Ecclesiae
542 4335 714 4410 apostolicus
728 4337 843 4409 presul.
1091 4337 1220 4409 ejusdem
1235 4333 1384 4409 deligeret.
1399 4333 1482 4390 Nulla
1489 4332 1721 4405 alicnspolestas
1729 4331 1766 4387 ibi
1774 4327 1870 4404 perrie-

272 4423 376 4479 llatum
390 4424 568 4496 etscriptum
586 4439 641 4498 per
660 4441 763 4480 manus
787 4425 864 4481 Petri
877 4425 1039 4482 cancellarii
1091 4425 1211 4482 lentiam
1225 4425 1325 4482 irruet.
1342 4425 1386 4483 Sit
1394 4423 1442 4480 ille
1451 4423 1631 4496 episcopatus
1641 4423 1718 4479 liber
1728 4414 1868 4478 etabomui

237 4509 310 4566 sacri
325 4511 524 4568 Latereneusis
538 4513 637 4586 palatii
652 4513 682 4569 in
699 4529 799 4570 mense
813 4514 917 4584 Medio,
932 4514 993 4573 ind.
1014 4533 1039 4572 v.
1091 4517 1232 4592 potestate
1242 4517 1378 4570 extranea
1390 4529 1515 4580 securus,
1535 4512 1668 4572 Romano
1692 4504 1868 4573 mummolo

629 4619 660 4676 x.
993 4673 998 4680 ,
1090 4603 1296 4671 mundiburdio
1312 4602 1350 4676 (3)
1372 4601 1501 4658 subditus
1515 4617 1523 4657 τ
1539 4608 1681 4677 qualemn
1696 4605 1868 4678 episcopuseo

237 4700 364 4778 oblim
373 4706 489 4766 loannis
503 4708 621 4778 XVIII,
636 4725 688 4783 quo
710 4711 851 4781 confirmet
864 4713 1041 4786 episcopatum
1091 4693 1195 4750 melius
1208 4708 1274 4747 cum
1289 4688 1435 4747 canonicis
1455 4691 1513 4748 suis
1535 4693 1650 4750 servilio
1661 4694 1713 4750 Dei
1725 4689 1807 4766 possit
1814 4681 1869 4742 insi·

521 4780 756 4856 Bomtcryensen.
1091 4785 1176 4852 stare,
1193 4782 1222 4837 et
1233 4779 1321 4853 primi
1335 4779 1538 4836 constructoris
1556 4781 1687 4854 ejusdem
1702 4780 1756 4836 loci
1768 4781 1795 4834 et
1805 4787 1869 4830 recu·

539 4887 635 4956 (anno
653 4888 743 4961 1007.)
1090 4869 1232 4944 paraturis
1240 4868 1351 4941 jugiter
1377 4868 1551 4926 memoriam
1579 4868 1699 4927 habere.
1730 4868 1771 4926 Sit
1789 4867 1869 4921 nmen

441 4973 551 5045 ωας),
566 4976 662 5031 concil,
674 4977 738 5044 xlx,
749 4974 824 5047 2854
1090 4957 1167 5014 idem
1182 4972 1233 5014 suo
1251 4955 1475 5028 metropolitano
1496 4957 1537 5018 [in
1562 4957 1622 5015 eod.
1655 4957 1752 5014 Vicere.
1767 4952 1867 5011 aldire.

1088 5046 1302 5120 archiepiscopo
1327 5043 1508 5117 Mogontino]
1543 5046 1688 5118 subjectus
1714 5049 1793 5118 alque
1813 5037 1867 5094 obe·

269 5077 390 5140 sams
405 5095 564 5154 epsscoqus’
575 5097 825 5138 §mmmmm
837 5084 899 5140 Μ’
1087 5135 1178 5192 diens.
1196 5134 1364 5206 Quicunque
1389 5133 1451 5189 haec
1470 5137 1615 5207 precepta
1636 5131 1793 5198 servaverit,
1812 5123 1867 5182 dili·

233 5169 324 5226 emeli
338 5170 429 5227 nostri
440 5173 483 5225 est
497 5168 630 5225 omnium
646 5174 813 5227 sanctarum
835 5171 885 5228 Dei
896 5171 1034 5228 Ecclesia-

230 5275 298 5316 rum
311 5259 465 5315 commoda
479 5258 654 5333 generaliter
664 5259 856 5328 considerare,
870 5261 1033 5318 etmaxime

228 5363 329 5403 aarum
347 5365 411 5420 quae
423 5347 585 5420 specialiter
602 5349 654 5404 sub
666 5349 732 5420 y'ure
742 5347 912 5405 acdomiuio
925 5353 1031 5406 nostrae

225 5435 364 5491 Romanae
373 5437 504 5494 Ecclesia
512 5437 686 5504 consistunt;
697 5437 721 5491 si
731 5436 809 5510 quod
816 5439 859 5492 est
868 5437 1030 5494 incommo-

224 5521 306 5591 dum,
317 5523 443 5593 abolere,
458 5541 495 5580 ne
509 5542 561 5599 pro
575 5526 654 5598 gravi
667 5523 905 5581 incommoditate
917 5543 969 5584 sua
978 5544 1029 5584 ne·

257 5627 299 5702 (2)
310 5627 449 5688 Tabulam
461 5631 535 5686 hanc
549 5631 654 5689 loanni
671 5631 752 5692 xvlll
767 5631 953 5692 tribuendam
966 5651 1029 5693 esse
1116 5634 1154 5709 (3)
1168 5630 1398 5692 Muellerum
1411 5632 1456 5690 est
1475 5629 1603 5708 defensio.

220 5719 349 5784 demde
360 5717 454 5782 docel.
471 5719 565 5781 raas.

1084 5330 1153 5370 nem
1167 5311 1297 5385 accipiat.
1314 5309 1368 5376 Qui
1397 5312 1493 5367 autem
1510 5298 1694 5384 contemptor
1716 5313 1744 5366 et
1767 5305 1866 5362 violator

1083 5401 1232 5468 exstilerit,
1243 5399 1375 5473 perpetui
1390 5400 1585 5456 anathematis
1600 5391 1864 5463 damnationisuby'a·

1080 5493 1152 5561 ceat,
1169 5488 1224 5545 nisi
1242 5488 1412 5562 resipiscens
1437 5487 1475 5544 ad
1488 5487 1715 5545 satisfactionem
1728 5479 1861 5562 perveniat.

1085 5241 1155 5280 nam
1169 5221 1437 5279 remunerationem
1455 5225 1484 5278 et
1511 5221 1698 5295 apostolicam
1713 5211 1866 5279 benedictio·
1957 5283 1958 5302 Χ
