3952 6176
255 327 308 390 aet
864 323 1007 385 loannis
1026 323 1169 387 nucero
1187 323 1313 386 VENll'l'l
1817 336 1860 396 aaa

253 455 370 514 illorum
383 451 513 521 tratrem,
529 448 558 506 in
583 447 723 522 dignitate
742 446 785 505 sui
810 447 928 506 ducatus
953 448 1061 505 habere
1078 449 1167 522 Alio)
1180 451 1277 523 petiit;
1293 450 1343 525 qui
1358 449 1486 526 quinque
1501 460 1640 510 annornm
1650 452 1864 526 specieteaetiou·

256 548 421 604 consortem
437 542 601 598 voluerunt.
1112 555 1178 595 rum
1193 541 1330 596 ducatum
1345 541 1589 612 gubemaveruut.

290 636 404 691 Interea
423 629 516 686 soedus
541 629 619 701 qnod
631 628 835 684 Veneticorum
850 629 973 701 populus
985 629 1063 698 olym
1149 627 1866 692 reindacumassentanniahincarnaticnenominis

257 741 323 780 cum
338 719 435 777 ltalico
448 735 516 791 rege
531 717 666 785 hahebat,
682 716 730 773 illo
752 719 885 788 tempore
911 721 969 782 (an.
988 715 1063 788 ato),
1114 717 1164 770 8...
1177 717 1249 788 [813]
1264 725 1287 758 ⁴⁶
1299 717 1375 788 apud
1390 716 1601 773 Rivoaltensem
1615 717 1728 775 insulam
1740 721 1867 778 Venetiae

257 811 359 884 Pipino
374 810 479 881 agente
495 823 574 878 rege,
591 806 753 877 disruptum
768 808 820 872 est,
838 808 867 860 et
879 804 993 860 hisdem
1015 820 1065 859 rcx
1114 804 1264 861 communi
1276 805 1869 879 decretoducatussedemhaberemaluerunt,

254 902 408 973 ingentem
419 896 577 953 exercitum
591 894 848 968 Langobardorum
862 893 899 950 ad
914 893 1065 949 Venetica—
1115 895 1149 948 et
1159 893 1196 949 ad
1208 894 1285 949 hunc
1300 895 1444 950 honorem
1460 894 1605 966 quendam
1618 896 1706 950 virum
1719 899 1872 968 lgnellum⁴⁸

256 1007 324 1048 rum
346 987 525 1060 provinciam
551 984 722 1058 capiendam
741 982 899 1056 promovit.
926 983 980 1048 Qui
1000 999 1066 1038 curn
1116 980 1171 1053 tat)
1183 981 1312 1050 nemine,
1326 982 1376 1055 qni
1389 982 1488 1056 palatii
1501 983 1644 1056 hucusque
1664 985 1872 1042 manentislueret

257 1093 367 1151 magna
382 1075 551 1131 difficultate
566 1077 665 1145 portus
688 1072 738 1144 qui
757 1071 889 1128 dividunt
908 1071 1068 1128 insularum
1116 1069 1282 1133 lubricatur,
1296 1071 1497 1127 sublimarunt.
1511 1071 1568 1128 Sub
1583 1071 1716 1144 dignitate
1730 1073 1802 1129 etiam
1814 1076 1873 1146 enjus

256 1167 353 1223 littora
367 1163 579 1239 pertransisset,
586 1161 705 1218 tandem
718 1161 754 1216 ad
761 1161 1008 1234 quendamlocum
1019 1161 1068 1232 qui
1118 1158 1385 1232 duostribunosper
1394 1159 1523 1232 singulos
1531 1175 1623 1216 annos
1631 1160 1873 1222 hericonstituerunt.

257 1256 370 1312 Athlula
387 1256 503 1308 vocatur
519 1251 647 1324 pervenit
663 1261 696 1317 ⁴²,
720 1252 799 1306 nulla
823 1251 937 1306 ratione
949 1250 1069 1304 inantea
1117 1247 1226 1302 Eodem
1240 1247 1359 1319 quidem
1377 1264 1455 1304 enno
1475 1247 1612 1304 lliehahel
1624 1248 1771 1320 imperator
1786 1267 1838 1306 cum
1849 1253 1875 1308 ad

260 1342 433 1418 pertendere
444 1357 573 1413 gressum
588 1340 684 1396 valuit.
693 1338 791 1411 Ibique
803 1339 889 1394 duces
898 1337 996 1409 stipati
1006 1353 1069 1392 ma·
1118 1335 1342 1408 expugnandam
1352 1338 1542 1409 bulgarorum
1553 1339 1806 1410 gentemeggressus
1814 1343 1874 1407 esset,

258 1450 317 1506 gna
330 1429 533 1486 veneticorum
545 1426 969 1499 expedicionceundemregem
983 1425 1070 1480 auda·
1117 1423 1458 1484 intantuminimicorum
1472 1425 1685 1480 multitudinem
1693 1425 1877 1496 perterritnsiuit

259 1524 320 1576 cter
329 1517 456 1591 aggressi
464 1520 541 1584 sunt,
562 1519 591 1570 et
608 1515 744 1570 divinitus
759 1514 858 1569 datum
871 1519 914 1568 est
928 1513 1069 1568 Veneticis
1117 1512 1876 1586 ut,proprierelictoexercitu,lugamConstantinopolin

260 1610 295 1665 de
307 1606 430 1665 inimicis
442 1605 622 1676 triumphum
631 1621 637 1673 ;
647 1604 743 1676 sicque
752 1603 898 1676 predictus
906 1619 956 1658 rex
968 1602 1067 1657 conlu-
1118 1601 1247 1672 arripuit.
1260 1601 1456 1672 thuiaralde
1464 1599 1796 1673 sibiignominiosumhoc
1804 1601 1876 1656 iecisse

259 1695 439 1754 susreeessit.
458 1694 547 1766 Igitur
558 1709 635 1748 anno
650 1691 862 1748 incarnacionis
875 1690 1069 1764 redemptoris
1118 1690 1279 1756 videbatur,
1296 1706 1354 1746 non
1375 1689 1519 1763 palacium
1540 1690 1591 1746 sed
1606 1689 1798 1745 monasterium
1810 1689 1876 1761 petit.

260 1782 386 1842 nostri...
403 1781 523 1853 Pipinus
542 1797 591 1835 rex
612 1778 747 1851 deposuit
763 1778 914 1834 hominem
931 1777 987 1850 (an.
1005 1779 1068 1844 810,
1078 1774 1104 1833 B
1116 1779 1195 1832 Tunc
1205 1778 1318 1850 Leoqui
1328 1777 1404 1832 illius
1416 1777 1557 1834 exercitus
1569 1778 1670 1833 ductor
1686 1775 1877 1848 cingulorum,

260 1871 327 1930 Jua.
344 1870 401 1944 24),
416 1874 444 1926 et
459 1865 770 1939 constantinopolitani
786 1865 877 1933 missi,
892 1865 941 1938 qui
953 1867 1020 1920 tunc
1030 1865 1068 1920 ad
1118 1870 1372 1939 pugnampatrare
1385 1866 1507 1922 minime
1514 1865 1623 1933 timuit,
1630 1868 1659 1920 et
1668 1866 1723 1920 Deo
1730 1865 1825 1921 ferente
1832 1880 1878 1920 cun

262 1958 580 2032 eumlegationiscausa
591 1956 756 2024 veniebant,
768 1958 883 2010 mortuo
894 1953 1069 2028 ipsereversi
1119 1954 1267 2026 triumpho
1278 1955 1380 2011 urbem
1398 1971 1527 2010 reversus
1542 1958 1597 2010 est.
1611 1954 1700 2020 Quem
1713 1953 1878 2026 imperaturam

261 2054 338 2105 sunt.
352 2049 498 2105 lohannes
513 2045 656 2119 siquidem
670 2043 844 2118 patriarcha,
861 2043 1005 2116 qui'peri
1021 2059 1070 2099 an·
1120 2058 1222 2098 omnes
1236 2041 1298 2102 lteri
1314 2043 1571 2099 conlaudaverunt.
1579 2041 1759 2098 Postmodum
1767 2041 1880 2097 verodun-

262 2150 366 2194 nerum
383 2135 479 2210 spacia
494 2134 671 2190 Gradensem
696 2134 796 2189 sedem
821 2131 933 2187 vivente
954 2133 1070 2204 pastore
1120 2131 1290 2200 stantiuum,
1305 2147 1391 2188 snum
1407 2130 1510 2200 lilium,
1523 2130 1636 2188 socium
1649 2129 1750 2186 habere
1759 2128 1837 2186 iubae
1850 2128 1881 2184 di·

261 2226 418 2298 usurparit,
447 2221 570 2279 sinodali
596 2229 718 2276 censura
742 2219 887 2294 depositus
914 2222 967 2276 est.
993 2219 1071 2275 Licet
1120 2219 1233 2292 gnitate
1247 2219 1346 2277 voluit.

263 2308 987 2382 injustesedeminvaderet,tamenantesanctorum
996 2321 1072 2361 mar·
1157 2306 1316 2364 Prelibetus
1328 2308 1471 2382 siquidem
1485 2311 1624 2382 ngnellus
1639 2310 1693 2369 dm
1707 2325 1766 2366 cum
1779 2307 1836 2364 dues
1846 2306 1881 2360 ba·

262 2404 359 2474 tyrum
370 2399 573 2455 hermachorae
583 2398 612 2451 et
622 2395 781 2463 Fortunati,
791 2393 966 2468 seullyllnrii
980 2394 1071 2450 atra·
1120 2394 1203 2451 beret
1212 2397 1306 2465 natos,
1324 2412 1397 2452 unus
1410 2396 1537 2466 illorum,
1551 2398 1583 2455 id
1601 2401 1644 2456 est
1653 2396 1820 2458 iustiniauus,
1832 2393 1883 2450 Goa-

266 2487 342 2570 ciani
358 2501 491 2560 corpora,
507 2500 561 2540 nec
584 2500 644 2540 non
667 2485 697 2538 et
716 2483 808 2538 sancti
821 2482 907 2539 tlarci
918 2483 1070 2556 capellam,
1121 2481 1884 2560 stantinepclimdestinarit;quemimperatorhoaoritlce

264 2577 436 2636 marmoreis
457 2572 600 2630 columnis
621 2573 651 2628 et
670 2571 775 2627 tabulis
792 2571 952 2628 honorilice
970 2571 1073 2626 cheros
1122 2571 1288 2644 suspiciens,
1302 2572 1372 2645 ipati
1385 2574 1593 2631 honoremsihi
1607 2573 1884 2648 largiritmlterunre·

265 2681 441 2741 consponere
456 2661 574 2719 studuit.
589 2663 619 2716 lu
638 2663 745 2716 sanctae
760 2677 827 2716 rere
852 2659 903 2715 ltei
926 2658 1073 2732 genitricis
1121 2677 1165 2729 ro,
1180 2662 1210 2718 id
1222 2665 1265 2720 est
1277 2663 1431 2730 lohannes,
1452 2663 1556 2720 ducem
1573 2663 1638 2720 fleri
1651 2662 1792 2737 promovit.
1805 2658 1885 2716 Dehinc

263 2755 358 2814 itariae
375 2751 496 2810 ecclesia
509 2766 595 2822 supra
609 2750 699 2805 altare
712 2748 854 2804 ciborium
869 2747 991 2820 peregit.
1002 2747 1073 2803 For·
1122 2753 1285 2806 autemnon
1295 2752 1485 2825 postlongum
1491 2755 1610 2825 tempus
1621 2751 1784 2810 lastinianus
1794 2749 1887 2821 impera·

262 2837 689 2912 lunatusdehincadpropriam
705 2836 803 2894 sedem
819 2852 949 2892 reversus
964 2839 1019 2892 est.
1038 2836 1072 2890 Et
1122 2841 1199 2895 tores
1206 2839 1329 2912 ⁴⁰ipatus
1338 2839 1591 2913 Constantinopoli
1602 2841 1639 2898 ad
1648 2834 1885 2914 propriarepedarit

264 2932 423 3007 quianulla
441 2929 554 2986 ratione
564 2926 607 2984 sui
624 2925 719 3000 operis
731 2923 943 2998 plenitudinem
954 2940 1073 2980 exarare
1123 2927 1886 3001 dolensquelratremsunmiuhonorelastigiatnmoen·

265 3039 313 3080 me
321 3037 404 3095 posse
419 3017 562 3084 existimo,
577 3019 691 3088 partem
702 3031 791 3088 quem
804 3014 990 3071 corrumdam
1002 3012 1076 3068 rele·
1090 3014 1489 3103 Gtempsitadirepalatium
1501 3017 1594 3074 sedin
1606 3017 1695 3074 sancti
1709 3009 1887 3072 Sererieralesia

263 3103 623 3181 tioneexpertussumstilo
630 3103 770 3158 adnotare
777 3101 1074 3158 studuillcclesiarum
1123 3119 1313 3159 unacumsua
1327 3105 1450 3177 conjuge
1465 3103 1629 3178 hospitatus
1642 3109 1693 3161 est.
1708 3106 1784 3160 Pater
1794 3111 1887 3172 nemque

266 3214 394 3271 namque
403 3195 505 3254 altaria
514 3191 666 3248 Gradensis
675 3189 763 3258 urhis,
774 3189 922 3246 lamminis
930 3188 1076 3262 argenteis
1124 3191 1888 3263 ejusnondiuliliimolestationemetabscentiampassu

267 3283 485 3351 condecoravit,
497 3285 527 3338 et
541 3295 628 3351 supra
642 3277 743 3334 altaria
762 3281 924 3351 martyrum
937 3279 1077 3350 argentea
1123 3278 1428 3351 luit,quoniamsalde
1438 3280 1678 3355 illamdiligebat.
1688 3277 1889 3337 Interdiritbene

267 3375 377 3447 templa
389 3369 560 3443 composuit.
575 3366 731 3422 Ecclesiam
746 3382 814 3422 vero
840 3369 946 3422 sancta
965 3364 1076 3437 Agathe
1125 3385 1188 3426 rem
1204 3367 1340 3436 Iohanni,
1356 3372 1386 3424 et
1401 3370 1517 3442 expulso
1535 3377 1559 3413 ⁸⁰
1573 3369 1702 3444 epatris,
1716 3367 1785 3443 apud
1796 3367 1888 3421 lateram

268 3462 404 3541 martyris
415 3477 431 3515 a
441 3454 639 3513 fundamentis
651 3453 712 3526 ipse
735 3453 869 3510 edificare
895 3452 1077 3509 devotissime
1126 3457 1271 3515 civitatem
1289 3456 1375 3513 exilio
1398 3461 1526 3514 retrusus
1542 3463 1596 3514 031,
1610 3457 1687 3514 Tunc
1702 3455 1843 3513 sandicem
1854 3463 1889 3523 per

267 3549 345 3605 lecit.
362 3547 416 3603 Ubi
432 3548 593 3616 martyrum
619 3541 813 3614 quadraginta
832 3544 862 3597 et
883 3540 940 3597 duo
955 3557 1078 3614 corpora
1126 3546 1226 3604 omnia
1238 3546 1495 3603 voluitlustiniane
1510 3563 1562 3604 suo
1573 3547 1644 3616 lilio,
1660 3547 1808 3604 aureolum
1820 3543 1886 3612 ipsun

268 3637 299 3694 in
320 3634 452 3710 ejusdem
468 3632 594 3688 ecclesie
614 3628 706 3701 cripta
718 3639 741 3673 ⁴⁸
755 3628 924 3686 recondivit.
942 3629 1076 3685 Ceterum
1126 3634 1177 3691 aad
1187 3635 1276 3691 etiam
1285 3636 1442 3708 Aguellum
1451 3651 1535 3692 suurn
1546 3639 1695 3710 nepotem,
1709 3633 1822 3707 ejusdem
1831 3623 1889 3684 lusti·

269 3743 337 3782 rero
349 3721 487 3798 quicquid
501 3721 530 3776 in
549 3718 691 3776 thesauris
706 3735 755 3774 seu
777 3717 807 3773 in
830 3717 1014 3774 ecclesiarum
1030 3734 1078 3773 er·
1127 3723 1207 3780 niani
1222 3727 1335 3791 natum,
1351 3727 1516 3780 consortem
1530 3724 1573 3780 sui
1584 3724 1654 3782 facit
1665 3723 1785 3780 ducatus.
1797 3713 1889 3774 [ledele

269 3811 416 3872 namentis
430 3809 554 3883 peregit,
566 3823 654 3864 nemu
667 3806 844 3862 nominatim
854 3806 1016 3880 exprimere
1024 3822 1078 3880 po·
1127 3816 1205 3869 ctum
1221 3816 1263 3868 ast
1274 3815 1306 3868 ut
1317 3812 1475 3880 lohannes,
1491 3813 1540 3885 qui
1555 3813 1634 3885 apud
1650 3813 1771 3869 samm
1783 3803 1888 3864 exulabat,

268 3906 337 3960 test.
1127 3900 1640 3974 lugalapsusprimumSclaveuiam,
1655 3892 1888 3956 deindeattatm

305 3992 362 4048 llac
376 3987 496 4062 quidem
513 3982 1078 4059 tempestateuuntiusConstantinopoli·
1128 3990 1165 4045 ad
1180 3988 1313 4061 Bergami
1324 3988 1468 4046 civitatem
1477 3989 1620 4062 persenit.
1632 3979 1889 4058 lutereapateretlre·

268 4085 355 4138 tanus
369 4077 489 4134 nomine
505 4073 674 4147 Ebersapias
684 4072 837 4128 Venetiam
848 4071 945 4140 adivit,
953 4072 1078 4128 etVene·
1128 4081 1173 4133 ter
1181 4076 1237 4132 hoo
1244 4077 1405 4145 audientes,
1413 4077 1556 4134 miserunt
1570 4077 1691 4135 nuncios
1704 4067 1892 4150 imperatoriis

269 4169 394 4226 ticorum
405 4163 523 4222 consilio
535 4165 565 4219 et
574 4161 679 4218 virtute
689 4161 744 4216 hoc
753 4160 877 4233 peregit,
891 4164 922 4214 ut
931 4171 953 4202 ⁴⁴
966 4161 1079 4235 utrique
1130 4164 1240 4231 dorice,
1259 4166 1452 4237 efflagitantes
1467 4169 1499 4221 ut
1514 4165 1567 4222 sibi
1580 4165 1715 4222 redderet
1726 4163 1832 4219 hliuma
1844 4155 1891 4222 luga

271 4257 358 4314 duces
368 4258 397 4310 et
407 4251 578 4325 dignitatem
589 4254 619 4307 et
632 4250 943 4323 patriamamittereut.
959 4250 1079 4318 Unus,id
1130 4253 1253 4324 lapsum.
1270 4253 1432 4324 Imperator
1445 4269 1513 4311 vero
1535 4254 1662 4310 libenter
1678 4253 1785 4310 illorum
1796 4242 1892 4322 precibus

272 4338 1079 4420 estObelierius,Constantinopolim,alterverutateram
1131 4333 1890 4416 obtemperans,reddiditsibirugitivum3pendant

937 4463 1055 4520 VARIAE
1072 4464 1273 4521 ramlense.

308 4596 332 4630 ⁴²
346 4583 446 4657 Sappte
458 4581 639 4651 seductilem
653 4584 682 4636 et
695 4580 815 4636 taudem
828 4580 865 4636 ad
880 4581 1026 4654 quendam
1037 4584 1135 4639 locum
1152 4613 1186 4624 -
1198 4583 1389 4656 pervenisset.
1401 4585 1428 4640 Ζ
1431 4583 1454 4640 Α
1461 4583 1500 4640 Ν.
1541 4594 1564 4629 ⁴³
1578 4588 1616 4642 rto
1630 4589 1654 4642 t.
1671 4589 1710 4642 t..
1724 4565 1893 4638 contraherent

273 4659 454 4715 mationem.
493 4665 516 4695 ⁴⁴
532 4653 712 4724 suprascripta
727 4655 815 4706 coci.
854 4659 877 4693 ⁴⁸
892 4669 959 4708 c.e.
976 4670 1002 4709 a.
1018 4653 1053 4709 ab
1065 4654 1085 4710 i.
1101 4656 1134 4709 ll.
1159 4657 1339 4727 saproccrrpta
1357 4664 1380 4710 t.
1421 4665 1444 4700 ⁴⁸
1460 4657 1529 4712 vllts
1545 4662 1678 4730 vrrupest
1691 4653 1776 4710 addela
1799 4651 1892 4727 inimi·

272 4732 344 4801 plne,
359 4735 384 4782 et
398 4727 541 4782 recentiore
550 4723 656 4798 quidem
671 4739 773 4787 marsu3
789 4728 1005 4780 antecameram
1018 4727 1050 4781 in
1065 4727 1188 4796 margine
1201 4743 1295 4782 rasura
1310 4729 1487 4797 cognoscitur.
1502 4727 1536 4782 ln
1551 4727 1611 4785 eud.
1626 4733 1653 4784 2.
1667 4729 1695 4781 in
1704 4741 1783 4793 marg.
1793 4717 1891 4786 Myania

273 4797 504 4870 ret;octingenti
519 4798 654 4868 quatuor,
666 4794 757 4850 eodem
778 4810 861 4847 manu
897 4812 931 4849 aa
946 4801 1017 4849 tetus
1032 4795 1298 4854 liberexarolusest.
1338 4806 1361 4840 ⁴⁷
1375 4802 1555 4871 suprascripto
1573 4802 1598 4854 l.
1637 4806 1661 4841 ⁴⁸
1676 4799 1746 4853 irat.
1780 4791 1893 4842 *ΝΜ*

276 4871 389 4997 ἵειιάιαιηι
403 4871 472 4924 erit:
487 4867 647 4995 ὶφιρθταίῑοῑ
660 4864 847 4938 apographum
889 4865 1029 4921 testrectti
1035 4875 1289 4936 manucmrecturm
1303 4869 1355 4941 tegi
1364 4871 1477 4942 conjicio
1488 4870 1574 4942 impr.
1627 4877 1650 4914 ¹⁰
1663 4885 1696 4924 ex
1710 4881 1783 4939 supra
1796 4860 1835 4914 n.
1847 4848 1891 4908 add.

295 4983 303 4999 .
374 4955 522 5012 sumascnp
536 4953 581 4994 um
614 4978 620 4992 .

1054 5054 1166 5114 NOTAE.

275 5147 391 5206 belisius
403 5143 516 5228 innotis
531 5143 791 5226 adTheophauem‚
804 5161 903 5227 rocem
918 5145 1008 5210 ὕπατος
1024 5164 1083 5202 non
1173 5149 1198 5216 (5
1247 5149 1327 5205 Zara.

275 5215 1083 5357 ⁸⁰3⁰¹³ttttrl⁰tt¹ltttftta³¹rttf¹⁰lateritiis
1136 5217 1656 5348 ..ttulitlt⁰¹¹t¹⁰t¹r⁸¹¹⁰³
1675 5221 1734 5344 tl·
1756 5211 1893 5350 tritt

272 5304 785 5444 idaciani.,neqinsignibusliorumi'a
796 5305 945 5441 celidrum
959 5361 1085 5441 honora·
1134 5333 1324 5418 translatidne
1341 5308 1670 5422 lionoriaclidriimssfflrcnti
1682 5303 1788 5436 ¹Seiruuli
1799 5347 1828 5406 ad
1838 5344 1893 5398 su·

276 5448 386 5488 riorum
400 5430 463 5485 rade
480 5427 640 5485 Cassander.
657 5428 706 5483 hb.
722 5445 748 5482 vr
762 5428 872 5485 Vertar.
886 5431 957 5486 Vide
967 5447 1085 5504 rnsrrper
1136 5435 1215 5488 ctum
1226 5434 1362 5490 Hilarium
1374 5435 1520 5492 abeodem
1530 5435 1728 5507 duceperaeta.
1742 5420 1832 5480 Vrdal.
1841 5415 1892 5469 0⁰¹·

276 5501 498 5559 celeberrimum
516 5500 637 5581 Pagium
655 5499 684 5554 in
704 5498 818 5555 hissert.
838 5501 952 5574 lippet,
975 5519 1038 5575 cap.
1055 5506 1082 5572 8,
1135 5505 1246 5560 nelium
1259 5505 1290 5561 in
1303 5507 1371 5564 eccl.
1390 5505 1486 5564 Sancti
1496 5507 1613 5565 Serrull.
1624 5506 1688 5562 Zur.

275 5590 305 5647 p.
322 5577 368 5642 il,
379 5572 457 5630 unde
475 5573 536 5630 hec
552 5571 709 5628 hausimus.
726 5570 793 5628 Zau.
