3952 6176
256 407 292 469 it
769 400 903 466 hildold!
914 400 1072 467 oouacu
1086 403 1337 467 cabannensis
1811 417 1853 480 au

233 554 247 586 ι
258 525 562 603 Retulit,lnquit,mihi
572 525 650 588 idem
662 527 1072 601 monochrecorammnltisa
1085 531 1290 592 macariorum
1299 530 1634 592 audientihnslastidiam
1642 529 1758 600 maana
1771 537 1855 615 gigne

231 618 654 690 testibue,diceos:Videbatur
667 617 739 682 mihi
756 619 834 694 quod
850 619 990 694 Felix,qui
1004 621 1034 678 in
1084 620 1281 695 ratemque
1298 620 1563 682 decurrenssarme
1576 621 1691 682 retineri
1704 641 1758 682 aon
1780 631 1856 702 patuit

231 713 324 768 insule
338 707 507 776 habitat,hic
515 709 594 781 apud
607 725 660 766 nos
674 709 749 768 loret
762 708 881 781 positus.
898 709 952 776 Oui
964 710 1035 770 dum
1085 725 1174 784 quein
1188 709 1229 768 vis
1243 709 1582 769 dilectionissanctissimi
1592 710 1680 769 Patris
1690 713 1818 772 Benedicti
1827 718 1857 775 ad

232 802 269 858 ad
283 798 1035 873 enaregredivelletnavimqueascendisset,diabolus
1085 798 1441 874 pleniusexponondasres
1451 799 1858 874 gentashnpalitignosaaadnm

231 891 260 947 in
274 891 369 962 speeie
389 888 508 952 vulturis
521 886 771 962 adveniens,cujus
796 889 927 961 corporis
944 892 1036 948 moles
1083 890 1129 945 est
1143 886 1176 957 si,
1190 889 1344 961 plusquam
1352 887 1552 962 licuitloquaa
1562 889 1733 962 paginaiuit.
1744 891 1859 950 Pmcura·

231 980 339 1037 montis
348 977 493 1036 altitudini
512 976 620 1050 aequari
635 992 718 1049 posse
730 977 903 1034 credebatur
917 981 1035 1035 cunctos
1085 975 1183 1033 bimus
1192 976 1329 1048 deinceps
1339 975 1483 1034 secunao
1490 977 1630 1034 narrandi
1636 993 1737 1049 genam
1746 979 1862 1038 mirantia

230 1069 280 1144 qui
294 1071 357 1128 rate
371 1067 550 1124 vehebantur
563 1065 649 1124 simul
662 1081 729 1122 cum
741 1065 841 1138 ipsein
852 1067 1033 1139 protundum
1086 1063 1217 1136 ejusdem
1230 1064 1862 1138 dilectidominicomprehcndere,ateilande

231 1174 364 1232 mergere
379 1155 451 1216 mihi
461 1155 680 1212 videbaturlllis
694 1154 791 1228 itaque
806 1156 861 1212 hoc
876 1157 1037 1213 modosoh
1086 1151 1148 1224 ejus
1156 1169 1328 1226 promamus
1341 1157 1371 1210 et
1384 1153 1485 1210 lectori
1501 1169 1689 1228 nequaquam
1698 1154 1772 1212 oneri
1783 1155 1863 1214 amre.

232 1244 652 1320 mersis,apparuitrepenterir
660 1243 779 1317 quidam
787 1245 956 1302 monachico
964 1244 1034 1302 ado·
1122 1243 1156 1298 33
1172 1241 1346 1314 Burgundiae
1362 1240 1546 1315 inpartibus,
1561 1242 1863 1312 territorioTricassino,

231 1340 329 1410 pertus
345 1335 529 1404 indumento,
545 1349 628 1390 more
642 1333 781 1390 abbatum
795 1349 977 1390 recurvnma
992 1351 1036 1392 ca·
1086 1330 1286 1388 rillahabetnr
1300 1329 1398 1387 Sanch'
1422 1330 1580 1396 Benedicti,
1596 1331 1744 1388 Tauriscus
1756 1331 1865 1400 nomine,

233 1423 697 1499 pitedemanugeranehaculum;
713 1421 819 1495 quique
833 1439 1037 1498 superaquam
1087 1435 1175 1494 qnam
1190 1420 1354 1489 advocatus,
1370 1421 1509 1478 vocabulo
1520 1420 1703 1490 Gaurlredus,
1713 1421 1828 1496 queraris
1837 1421 1866 1477 ab

143 1569 147 1578 ,
234 1514 424 1570 deambulans
437 1509 983 1582 eodemlignonavimcunihorninibus
996 1513 1038 1569 nil
1088 1509 1231 1565 extraneis
1244 1509 1426 1579 detenderet,
1442 1511 1598 1568 uiolentius
1613 1527 1701 1583 qnam
1714 1511 1868 1584 quilibetar·

233 1602 303 1660 mali
317 1601 416 1676 passis,
431 1617 463 1656 ac
476 1599 585 1656 cunctis
598 1599 695 1667 rebus,
704 1597 747 1655 de
758 1599 903 1672 prolundo
912 1599 949 1656 ad
958 1600 1038 1657 littus
1088 1601 1188 1654 ternus
1202 1599 1341 1656 vastabat.
1360 1599 1455 1665 Quem
1471 1599 1652 1656 amonschie
1661 1600 1869 1673 irequentsruta

234 1688 471 1748 tranithiberatis
485 1703 552 1744 vero
568 1688 715 1759 imperans
727 1690 758 1743 ιιι
773 1704 802 1743 se
817 1687 927 1746 ibidem
943 1690 1038 1764 operi·
1089 1686 1872 1760 meleiaclhquiesoeret,admonitum,necobtemperm·

233 1783 345 1848 rentur,
363 1779 506 1835 vulturem
518 1777 568 1851 qui
575 1777 639 1849 jam
649 1776 1038 1850 fugamparaveratinsecu-
1089 1778 1161 1844 tem,
1174 1776 1238 1848 pius
1251 1777 1336 1832 Pater
1350 1777 1521 1834 Benedictus
1532 1794 1549 1834 a
1559 1779 1620 1834 Deo
1636 1775 1758 1834 obtinuit
1775 1775 1871 1847 flagello

234 1873 291 1938 tus,
304 1870 385 1942 virga
398 1883 565 1941 percussum
579 1863 608 1920 in
623 1865 802 1940 protundum
818 1865 911 1938 abyssi
927 1867 1038 1924 mersit.
1054 1855 1875 1940 Bcorreptionispriuspercutiquamejuemalitialunditus

235 1961 373 2016 Reversus
384 1957 420 2013 ad
440 1955 563 2014 Felicem
575 1957 605 2011 et
618 1953 711 2010 socios
726 1955 797 2027 ejus,
819 1955 906 2012 alacri
931 1958 1041 2014 uteret
1090 1953 1245 2010 deleretur.
1264 1954 1395 2020 Quadam
1409 1956 1507 2029 itaque
1523 1955 1570 2012 die
1586 1971 1623 2011 eo
1638 1955 1669 2011 io
1684 1951 1876 2027 domopropn'a

237 2050 325 2118 vultu,
341 2064 390 2104 eos
405 2047 575 2103 hortabatur
590 2048 622 2100 ut
635 2061 753 2101 ascensa
771 2044 857 2102 linire
872 2061 929 2118 quo
943 2046 1040 2120 cupie-
1090 2043 1167 2099 intra
1181 2047 1353 2100 memoratas
1368 2044 1447 2101 urbis
1457 2043 1626 2100 Tricaesinoe
1637 2041 1877 2100 muroseonstitula

236 2140 307 2196 bant
323 2154 423 2194 secure
440 2134 639 2208 enavigarent,
656 2133 754 2191 dicens
772 2149 778 2190 :
805 2133 847 2190 En
862 2134 1041 2192 adversarius
1090 2132 1471 2206 residentc,etjudiciariana
1479 2133 1557 2190 inter
1565 2133 1729 2190 rusticanos
1739 2133 1836 2204 agento
1843 2147 1878 2186 ac·

234 2230 340 2295 vester,
356 2241 409 2299 per
423 2225 474 2282 Dei
490 2223 643 2298 gratiama
656 2238 703 2278 me
724 2221 899 2292 submersus,
915 2223 1042 2296 perdidit
1091 2220 1212 2291 tionem,
1229 2222 1313 2296 niger
1327 2223 1407 2279 canis
1420 2223 1501 2282 rabie
1516 2224 1621 2297 planus
1636 2221 1740 2292 adluit,
1748 2223 1776 2277 et
1785 2220 1879 2276 ιιιιιιιιι

238 2333 358 2374 omnem
371 2313 453 2372 vohis
469 2312 593 2370 nocendi
607 2312 791 2384 potestatem.
811 2329 828 2364 a
1091 2311 1199 2368 laedens
1208 2311 1468 2382 cimumaanucm,
1477 2312 1590 2386 impetu
1599 2311 1634 2370 in
1644 2325 1713 2370 cum
1723 2311 1796 2366 iacto
1810 2323 1879 2364 naras

272 2407 317 2460 30.
334 2403 465 2475 Cumque
491 2401 547 2458 ista
561 2399 708 2456 referente
722 2396 849 2454 antistite
874 2397 925 2458 bei
946 2416 1042 2456 servus
1092 2399 1153 2474 ejus
1168 2417 1201 2456 ac
1216 2401 1318 2458 iaciens
1333 2401 1477 2460 morsibus
1497 2400 1644 2460 dilanians
1657 2397 1799 2460 abscessit.
1813 2395 1878 2454 Unde

237 2492 373 2561 audisset,
389 2507 469 2548 casus
482 2504 597 2564 quoque
612 2502 678 2544 suos
692 2489 722 2543 et
734 2486 796 2559 ipse
808 2503 910 2545 omnes
918 2488 944 2545 ei
954 2503 1040 2562 expo·
1091 2487 1139 2546 ille
1154 2488 1184 2544 in
1204 2488 1365 2546 amentiam
1378 2507 1488 2560 versus,
1505 2491 1541 2550 ab
1556 2490 1663 2547 amicis
1691 2487 1728 2546 ad
1752 2486 1881 2546 basilicam

238 2581 304 2646 suit,
316 2596 446 2638 asserens
460 2579 553 2651 ipsam
560 2574 806 2646 visionem,etiam
815 2592 955 2650 corporeo
964 2581 1039 2646 actu,
1092 2576 1189 2634 Sancti
1197 2577 1327 2652 Dionysii
1341 2583 1384 2636 est
1393 2577 1533 2658 deductus
1544 2594 1551 2648 ;
1561 2579 1663 2654 ibique
1677 2575 1893 2652 aliquantulum,¹

238 2671 269 2728 io
284 2687 314 2726 se
329 2665 762 2741 completamlntelligensvero
778 2682 813 2722 ex
825 2669 1042 2742 memorataap
1092 2665 1213 2724 sednon
1225 2666 1391 2740 adplenum
1404 2683 1491 2726 sensu
1505 2669 1693 2741 recuperato,
1708 2658 1881 2740 regressusad

240 2755 384 2834 paritione
400 2755 613 2815 sanctissimum
629 2755 747 2810 Patrem
758 2757 891 2811 nostrum
903 2755 1040 2814 benedic·
1093 2753 1218 2828 propria,
1235 2753 1305 2811 dum
1316 2755 1478 2832 malisque
1505 2756 1686 2832 pauperibus
1699 2753 1794 2812 Sancti
1806 2753 1882 2808 Bene·

236 2855 298 2908 tum
313 2865 371 2904 suae
391 2845 475 2903 saluti
490 2843 627 2902 auxilium
644 2843 809 2911 contulisse,
828 2843 921 2917 magis
939 2860 1041 2902 amore
1092 2839 1883 2918 dictiintuleratadjiceretpejoreademonicarripilur,

235 2931 1040 3011 ejusdempraecellentissimicontessorisflagrarocoepit,
1092 2933 1524 3008 catenatusqueetinquoddem
1547 2927 1885 2996 retrususcnhiculcmul·

235 3031 321 3100 atque
339 3028 370 3082 ut
383 3025 420 3082 ad
438 3024 500 3098 ejus
514 3024 731 3080 sacrosanctum
746 3021 890 3078 tumulum
907 3021 1041 3096 perveni·
1093 3020 1497 3096 timumexhalavitspiritum,
1506 3021 1719 3096 prolitentihus
1733 3016 1836 3078 cunctis
1847 3013 1886 3088 qli

235 3113 410 3171 retinstare.
1059 3111 1514 3181 ceumnoreraut,obsoevitiam
1527 3101 1887 3185 ejasinrnricolepretiui

271 3205 316 3261 tl.
327 3202 418 3277 Igitur
430 3198 515 3276 pauci
528 3196 669 3271 temporis
698 3196 871 3272 interposita
886 3214 979 3270 mora,
995 3215 1041 3256 as-
1092 3199 1263 3257 contessoris
1278 3199 1427 3258 Benedicti
1441 3201 1509 3258 talia
1523 3201 1623 3274 ipsum
1646 3199 1809 3274 pertulisse,
1832 3191 1889 3255 licit

234 3293 356 3367 sumptis
369 3290 471 3366 quihus
479 3307 509 3346 se
522 3287 654 3362 indigere
666 3287 752 3344 rebus
758 3287 1039 3358 aestimavitadeon·

234 3382 379 3438 liuentem
394 3377 546 3437 destinavit
562 3391 693 3434 remeare
711 3379 831 3434 terram.
845 3377 920 3435 Sane
943 3377 1038 3436 omni·

234 3475 337 3544 potens
351 3473 435 3537 Deus,
446 3471 477 3524 ut
490 3468 552 3540 ejus
567 3466 604 3523 ad
620 3481 754 3522 amorem
766 3469 936 3524 sanctorum
966 3485 1038 3542 quo-

233 3577 300 3618 rum
311 3559 463 3632 expetebat
481 3555 669 3632 presentiam
680 3554 804 3627 amplius
827 3556 1036 3627 inflammaret,

234 3649 388 3723 duplicavit
401 3646 583 3704 miraculum.
596 3643 751 3702 Naiadum
765 3643 893 3700 anchora
908 3662 925 3702 a
941 3645 1038 3703 littore

233 3738 526 3809 sublataaltapcteret
539 3733 642 3804 maria,
655 3736 776 3808 repento
791 3751 822 3790 se
836 3733 941 3791 ssuotus
950 3735 1037 3792 attol-

233 3831 306 3899 lunt,
318 3827 384 3884 etin
400 3825 521 3882 sublime
530 3825 622 3880 elatus
632 3825 796 3896 praeruptus
806 3839 889 3896 aquae
902 3824 1039 3883 monsita

232 3912 796 3985 totamcircumcinxitscaphemutnulla
808 3928 842 3968 ox
851 3914 934 3983 parte
944 3913 1040 3970 aditus

233 4007 409 4083 reperiretur
421 4003 573 4061 evadendi.
588 4003 667 4058 Tunc
678 4002 743 4073 jam
754 3999 847 4058 dictus
874 4002 979 4058 Christi
993 4005 1037 4062 ia·

234 4102 328 4157 mulus
342 4098 552 4167 Felix‚horrore
567 4089 1038 4163 imminentispericuliperculsus,

234 4179 1040 4259 intraimapcctcrishujusmodifundebatpreceshumil·

234 4279 311 4336 lime
319 4272 534 4351 supplicationis
549 4288 556 4328 :
572 4269 684 4342 inclyti,
699 4269 844 4344 inquiens,
861 4270 1040 4330 molossores

1092 3289 1256 3346 metuendas
1279 3289 1392 3358 ultioni,
1417 3289 1496 3348 aliud
1523 3289 1770 3364 amplectendum
1792 3281 1887 3346 misou-

1090 3378 1196 3436 cordioe
1212 3395 1245 3435 ae
1259 3377 1391 3436 sanitatis
1405 3377 1594 3438 adnectamus
1610 3378 1747 3454 signum.

1399 3467 1512 3525 CAPUT
1526 3469 1592 3527 lllll.

1088 3555 1236 3617 Menoetius
1249 3559 1279 3612 ia
1290 3559 1411 3614 ostreata
1425 3557 1594 3614 clematius
1626 3556 1785 3626 derelictae
1797 3551 1827 3612 S.
1850 3545 1891 3608 Be

1301 3647 1434 3703 aedictum
1449 3647 1526 3704 tedet
1534 3649 1703 3720 propitium.

1125 3736 1169 3792 ae.
1186 3727 1892 3812 lninlcrloribushuusueustria(tttpartihuslss

1090 3824 1291 3897 audegavensi
1309 3823 1418 3880 scilicet
1427 3825 1509 3894 urbe,
1523 3824 1687 3882 ainfredus
1702 3824 1822 3899 quidam
1831 3815 1893 3892 apud

1091 3911 1302 3968 monasterium
1333 3912 1430 3970 Sancti
1451 3913 1547 3970 lllhini
1560 3931 1596 3970 ex
1612 3914 1725 3972 clerico
1751 3907 1893 3970 monachu!

1090 4005 1192 4072 sponte
1205 4002 1297 4058 iactus
1307 4004 1387 4060 estls
1396 4001 1667 4062 meliorandaevitea
1676 4001 1778 4077 matis
1788 4001 1823 4060 ed
1831 4000 1894 4056 hunt

1091 4090 1287 4147 venerabilem
1305 4091 1517 4148 Floriaccnsem
1540 4091 1721 4166 demigrans
1735 4093 1839 4158 locum,
1853 4083 1893 4142 lli·

1091 4179 1258 4252 quantisper
1268 4179 1420 4236 nobiscnm
1433 4184 1648 4252 commoratus,
1657 4181 1698 4238 ad
1712 4179 1895 4240 memoratum

1091 4284 1236 4342 regressus
1248 4273 1291 4324 est
1304 4268 1479 4326 coenobium.
1495 4269 1549 4326 Ubi
1564 4270 1641 4327 dum
1669 4272 1815 4339 moratur,
1829 4259 1896 4338 guli

236 4367 349 4434 Christi,
365 4361 519 4422 Benedicta
534 4363 620 4433 atquo
630 4358 730 4427 Paule,
747 4374 872 4432 quornm
884 4360 1040 4418 sacratissi-
1090 4357 1277 4414 tumescentis
1288 4373 1365 4414 core
1379 4357 1503 4416 altlictus
1517 4359 1679 4431 languore,
1691 4359 1814 4434 gemino
1826 4367 1895 4424 urge

236 4473 300 4514 mos
314 4454 394 4510 adire
407 4453 511 4523 exopto
522 4447 643 4516 cineres,
660 4446 733 4503 terte
747 4463 833 4521 opem
846 4447 919 4504 mihi
934 4447 1040 4508 mhero
1053 4417 1079 4479 D
1091 4447 1175 4503 betur
1189 4463 1309 4519 angore.
1329 4447 1402 4504 Nam
1415 4447 1503 4506 abhas
1518 4447 1609 4520 ipsius
1635 4446 1824 4515 monasterii,
1844 4439 1895 4516 qui·

235 4544 285 4618 qui
299 4541 386 4599 solius
398 4555 475 4596 nunc
489 4535 593 4594 mortis
604 4534 759 4592 discrimen
772 4534 899 4593 formido
915 4538 1040 4596 Posthas
1090 4536 1212 4592 busdam
1219 4535 1413 4594 simultatibus
1428 4553 1496 4594 eum
1511 4537 1674 4610 impetens,
1691 4537 1805 4596 cunctis
1818 4535 1898 4592 inter·

235 4649 345 4708 preces,
361 4630 438 4688 dicto
450 4627 533 4686 citius
547 4623 659 4682 tumida
669 4623 958 4698 considuntaequora,
970 4643 1040 4683 ven·
1090 4624 1202 4682 dixerat
1209 4623 1345 4682 iratribus
1365 4642 1403 4682 ne
1415 4625 1479 4699 quis
1494 4641 1562 4682 eum
1573 4627 1689 4684 saltem
1703 4625 1739 4683 io
1755 4625 1832 4683 exibe
1847 4617 1897 4674 viei-

236 4724 329 4795 tisque
357 4718 503 4794 placidum
525 4719 603 4772 stans
617 4729 699 4770 mara
717 4715 811 4770 tutam
835 4715 1040 4789 navigantibus
1090 4716 1166 4770 taret
1179 4713 1430 4788 animae.Cumque
1443 4713 1503 4784 illa,
1519 4715 1627 4772 inorbo
1639 4715 1861 4792 ingrarmotc
1871 4721 1898 4766 ac

235 4811 360 4888 prebuit
376 4809 508 4866 viamlta
520 4805 557 4862 ab
569 4801 688 4862 instanti
702 4802 855 4874 naufragio
864 4807 1040 4878 saepenomi-
1090 4802 1190 4862 dolore
1203 4801 1240 4860 ad
1255 4801 1351 4860 vitalia
1359 4807 1504 4877 serpente,
1512 4804 1621 4860 iratres
1636 4805 1718 4862 adse
1728 4799 1897 4868 invisendum

236 4905 320 4960 datus
328 4899 404 4956 Felix
420 4898 475 4972 tit)
487 4897 649 4967 exemptus,
662 4893 700 4950 ad
719 4892 775 4950 hoc
790 4891 843 4948 sihi
858 4893 908 4951 diu
924 4895 1036 4954 deside·
1089 4908 1230 4965 suumque
1244 4891 1354 4950 exituro
1371 4891 1494 4950 Domino
1518 4894 1802 4952 commendandum
1814 4887 1899 4948 venire

234 4994 331 5049 ratum
345 4988 424 5046 venit
437 4984 613 5051 cenobium,
626 4981 767 5056 nobisque
782 4983 859 5040 hunc
877 5000 936 5042 sue
949 4987 1037 5044 salva·
1090 4979 1267 5056 deposceret,
1281 4981 1318 5038 ab
1335 4998 1404 5049 uno,
1419 4981 1465 5038 coi
1493 4980 1547 5038 soli
1570 4997 1754 5040 concessum
1769 4981 1832 5038 erat
1841 4989 1897 5034 eun

234 5081 320 5140 tionis
333 5077 431 5137 retulit
443 5075 529 5133 luisse
549 5073 681 5130 modurn.
1089 5070 1222 5139 invisere,
1241 5069 1310 5143 quid
1323 5069 1412 5126 abhas
1427 5069 1462 5126 de
1486 5086 1521 5128 eo
1537 5071 1735 5146 precepisset
1763 5065 1898 5130 addidicit.

536 5161 649 5218 CAPUT
667 5161 734 5220 lllll.
1125 5160 1209 5226 Quod
1219 5159 1278 5232 ipse
1293 5160 1413 5218 audiens
1422 5159 1548 5234 graviter
1559 5159 1640 5230 tulit,
1648 5161 1898 5236 etperAndagaw

463 5251 618 5310 Advocatio
626 5251 713 5307 malus
725 5253 805 5323 perit.
1088 5249 1209 5306 civitatis
1229 5249 1340 5306 nobiles
1355 5249 1404 5322 qui
1419 5249 1455 5306 ab
1475 5249 1537 5321 ejus
1552 5247 1738 5322 visitatione,
1753 5249 1821 5324 quia
1842 5257 1900 5302 eom

268 5353 311 5406 32.
329 5345 462 5404 Brevitati
472 5343 590 5417 quidem
605 5339 781 5397 studendum
792 5341 854 5396 erat
866 5353 902 5395 ne
918 5339 1035 5414 prolixi·
1088 5339 1257 5414 diligebant,
1267 5338 1391 5394 inhiberi
1407 5355 1466 5396 non
1481 5341 1632 5412 poterant,
1645 5339 1750 5398 abbati
1764 5333 1900 5394 mandarit

267 5475 323 5548 (itt
339 5469 389 5528 llic
401 5474 445 5527 est
459 5468 535 5524 Felix
545 5467 604 5534 ille,
616 5465 715 5522 multis
729 5463 897 5520 laudatusin
911 5464 984 5522 libro
1001 5467 1037 5524 de
1124 5465 1178 5547 (aa)
1189 5463 1319 5520 Naustrie
1334 5463 1555 5537 siquidemolim
1567 5467 1826 5538 complectebatur
1839 5459 1899 5534 quid

230 5548 295 5604 Vita
310 5544 399 5601 Gildae
411 5539 523 5598 abbatis
539 5540 568 5594 in
579 5538 688 5596 Saeculo
712 5534 844 5609 primo,ie
858 5535 908 5608 qui
919 5553 936 5591 a
949 5538 1037 5596 Gauz-
1109 5536 1158 5594 rud
1172 5539 1318 5597 terrarum
1330 5539 1373 5594 est
1387 5535 1465 5595 inter
1488 5535 1621 5612 ligerim
1638 5541 1672 5596 et
1686 5537 1853 5612 Sequanam
1868 5528 1900 5586 ad

233 5619 293 5676 lino
306 5611 539 5674 l'loriaciabbate
549 5611 580 5691 iu
590 5607 772 5689 armoricam
785 5605 887 5663 missus
902 5609 945 5690 est
959 5626 1036 5671 anno
1088 5555 1246 5670 areanum,

241 5692 309 5748 1008
320 5687 357 5745 ad
369 5683 558 5745 instauranda
573 5699 602 5737 ιιι
614 5695 775 5751 reregione
790 5682 975 5737 monasteria.
