3862 6170
108 397 1720 480 μ

685 573 797 618 CIRCUH
806 573 929 616 EUMDEH
938 571 1053 616 ANNUH.

575 734 1230 938 ALBERTUS

433 1056 1332 1306 nssnnuiouiouusrs

784 1408 1026 1499 NOTITIA.

584 1563 863 1626 attenuarentur.
880 1578 946 1619 nor·
962 1561 1046 1634 odit,
1062 1577 1129 1635 pag.
1142 1561 1219 1629 430.)

5 1631 7 1724 ,
113 1699 239 1754 tibertus
254 1693 341 1751 abbas
356 1689 538 1748 monachum
550 1685 686 1742 induerat
702 1657 878 1740 incoenoBio
893 1679 1137 1742 Gemeticensi.ut
1149 1682 1271 1752 patetex
1285 1679 1412 1752 subJeoto
1426 1680 1485 1752 ejus
1500 1678 1690 1746 intrumento,
1704 1675 1735 1734 iu

88 1767 90 1770 ’
118 1753 975 1832 oArnniium,Turonensemarchiepiscopum,tiliumsunm
988 1753 1273 1832 voeabt‘ueratergo
1285 1751 1371 1822 conju
1393 1753 1732 1832 atusauntoquamumona-

5 1879 6 1884 .
116 1858 141 1895 ns
154 1839 326 1894 initiaretur.
346 1835 483 1889 Parentes
498 1831 560 1901 ejus
575 1827 672 1884 eidem
687 1827 882 1882 instrumento
895 1822 1087 1878 subscribunt.
1104 1822 1252 1878 itioraoum
1267 1839 1317 1878 sen
1332 1823 1361 1878 S.
1403 1822 1523 1878 arimini
1533 1821 1658 1888 abbatia,
1676 1821 1735 1876 vul-

87 1928 115 1982 go
126 1907 342 1973 sane-treme,
357 1919 448 2032 prope
471 1899 653 1968 Aurelianos,
664 1913 741 1956 nnuc
754 1893 939 1952 Fuliensinm.
955 1893 1083 1966 Epistola
1097 1908 1221 1968 sequens
1231 1894 1322 1950 emtat
1336 1894 1367 1949 in
1382 1893 1480 1950 codice
1494 1891 1642 1988 Pitboeano
1657 1891 1735 1948 inter

88 1981 203 2053 epistolas
215 1977 346 2036 Abbonia
381 1971 558 2032 toriaoeusis.
807 2059 997 2077 ...-

441 2401 502 2468 AD
521 2397 667 2467 JOANN
670 2395 732 2462 EM
747 2394 843 2462 XVII
864 2392 1016 2461 PAPAM
1048 2390 1278 2460 EPISTOLA.

278 2547 279 2554 ’
391 2534 434 2591 De
448 2517 608 2608 antiquitate
619 2531 731 2589 etrotito
745 2546 855 2585 numero
866 2528 1055 2585 monachorum
1069 2529 1226 2584 monosterii
1235 2525 1415 2584 Micicretrir.

306 2657 414 2728 (Exstat
423 2671 510 2728 supra
526 2653 602 2708 inter
617 2651 751 2726 epistolas
766 2649 796 2706 S.
816 2647 944 2705 Abbonis
956 2647 1041 2704 tertia
1056 2645 1170 2703 decima
1181 2647 1267 2718 hrains
1279 2646 1352 2703 tomi
1366 2645 1420 2703 coi.
1435 2644 1512 2719 459.)
1625 2668 1628 2675 ·

412 2970 892 3138 nonnum
944 2967 1411 3135 urrunnu.

337 3419 447 3476 Praedia
476 3417 598 3493 quadum
616 3417 729 3475 cenobio
743 3416 957 3487 demittebatis
971 3433 1023 3490 quo
1033 3417 1194 3477 monachum
1206 3417 1340 3490 induerat,
1360 3419 1512 3490 confirmat.

113 3723 143 3778 ln
165 3722 288 3779 nominc
314 3720 429 3789 Christi,
462 3739 515 3794 ego
539 3721 685 3786 albertus,
710 3721 800 3778 abbas
830 3721 919 3788 abab
936 3721 1033 3788 diaria,
1059 3737 1149 3795 quem
1177 3723 1276 3778 sancto
1291 3724 1377 3778 Petro
1392 3722 1459 3780 dedi
1474 3739 1540 3779 cnm
1563 3723 1741 3798 appendiciis

82 3809 163 3866 batiae
173 3815 344 3868 sanatorum
358 3810 496 3885 Stephani
512 3811 736 3884 protomartyris
744 3816 773 3868 et
779 3810 882 3868 Christi
936 3811 1079 3868 euistussi
1093 3813 1192 3866 antem
1206 3810 1352 3866 tierihano
1367 3812 1549 3880 cbartam,ne
1562 3811 1663 3884 aliquis
1676 3821 1742 3884 post

82 3898 249 3955 mnieasorie
262 3898 419 3967 Maximini,
433 3903 536 3955 notum
551 3900 615 3956 voto
626 3899 689 3955 fleri
711 3900 820 3956 eunctis
834 3917 883 3955 ou·
934 3915 982 3955 me
997 3898 1086 3970 possit
1100 3901 1198 3955 sancto
1211 3902 1297 3956 Petro
1311 3900 1488 3956 abstrahere.
1504 3899 1587 3966 Quod
1601 3899 1625 3956 si
1637 3900 1741 3974 aliquis

82 4001 140 4040 ram
153 3987 323 4059 gerentibus
331 3989 437 4042 sancte
448 3986 498 4042 Dei
506 3987 638 4043 Ecclesiae
648 3987 715 4060 quia
725 3991 882 4060 antequam
934 3987 1233 4062 praesumpserit,oum
1245 3989 1319 4044 duda
1330 3989 1491 4062 proditore.
1505 3988 1741 4060 AnnaetCaipba

84 4073 214 4130 ordinem
226 4073 414 4146 suscepissem
437 4075 642 4143 monasticum,
658 4080 721 4133 erat
736 4077 808 4133 mihi
823 4077 885 4151 qui·
935 4078 1155 4134 damnationem
1171 4077 1305 4150 accipiat.
1319 4077 1497 4133 iterantem
1512 4077 1738 4132 chartulautssr-

82 4159 145 4216 dam
158 4164 261 4218 atodua
271 4180 306 4219 ox
316 4165 451 4220 materna
465 4163 748 4232 haereditatemonex
765 4166 885 4238 aiionrjns
934 4168 1010 4224 mior
1019 4167 1066 4234 sit,
1082 4183 1148 4221 eam
1156 4166 1256 4221 subter
1264 4163 1742 4238 firmavi,otparentibusmeisoor·

84 4248 231 4320 beneficio,
243 4269 332 4325 quem
343 4256 441 4308 sancto
457 4253 542 4308 Petro
555 4252 585 4308 in
595 4254 773 4311 Gemmetioo
785 4273 885 4312 mona·
934 4254 1131 4312 roborandam
1147 4253 1249 4309 obtuli.
1262 4253 1292 4308 S.
1309 4252 1418 4308 Alberti
1431 4252 1551 4309 abbatis.
1569 4253 1597 4309 S.
1610 4251 1741 4309 Radbodi

82 4338 179 4406 sterio,
195 4340 241 4395 nbi
250 4340 383 4394 habitum
398 4341 520 4412 suscepi,
538 4341 665 4416 dedipro
678 4343 808 4399 remedio
825 4345 886 4400 ani·
934 4343 1059 4400 Saiensis
1072 4342 1210 4416 episcopi.
1227 4343 1256 4398 S.
1268 4341 1378 4396 Arnutfi
1396 4341 1571 4397 Turonensis
1597 4341 1740 4414 archiepi-

84 4439 136 4479 ωε
147 4443 224 4482 mea
236 4427 346 4500 filiique
362 4428 419 4483 mai
433 4428 545 4484 Arnulfi
554 4429 728 4486 Turonensis
743 4433 884 4507 archiepi·
934 4432 1023 4504 scopi.
1040 4432 1069 4488 S.
1096 4430 1217 4486 Ribaldi.
1243 4429 1272 4486 S.
1288 4429 1449 4487 Gisleberti.
1465 4429 1494 4485 S.
1512 4430 1630 4486 Roberti
1655 4430 1741 4502 regis.

83 4514 172 4580 scopi,
189 4517 378 4588 ctparcnturn
390 4522 694 4585 meorum,utsanctus
705 4521 885 4592 supradictus
935 4520 964 4577 S.
978 4518 1112 4575 willelmi
1128 4519 1326 4576 Bellemansis.
1345 4517 1374 4574 S.
1392 4517 1526 4592 Richardi
1541 4517 1654 4576 crinitis
1669 4519 1741 4576 Nor·

83 4596 254 4658 intercessor
265 4603 302 4659 sit
310 4619 363 4677 pro
376 4604 459 4660 nobis
468 4606 654 4677 apnditenm.
662 4607 815 4666 Estautem
824 4609 885 4682 ipse
935 4624 1122 4666 marinorum.

86 4686 187 4744 siodns
200 4689 227 4748 in
241 4709 315 4766 pago
330 4693 514 4764 bellemensi,
536 4711 625 4769 quern
639 4699 743 4753 vocant
756 4697 887 4758 Domno-

304 5721 422 5781 Pnrnon.
438 5719 563 5784 CXXXIX.
