4022 6188
180 403 250 466 {tet
453 395 620 462 'innomi
639 395 873 462 nlteaesrlr.
889 396 999 460 EPlS'l.
1016 399 1062 458 ab
1082 395 1262 459 mamone
1274 395 1458 458 nummos.
1470 395 1581 459 celso.
1775 403 1844 468 litt

177 526 285 582 teneat.
300 521 391 582 Callai
399 531 513 598 quoque
523 523 576 580 sibi
591 523 743 596 subjectas,
754 523 978 589 corteaetvillas,
992 523 1018 584 A
1031 537 1177 595 parvaque
1188 537 1313 595 persona
1321 520 1431 596 aliquid
1445 520 1550 578 audeat
1568 521 1681 579 erilerre
1701 523 1737 580 de
1755 527 1842 584 rebus

175 618 204 670 et
223 614 336 687 reliqua
356 615 418 670 loca
438 611 491 668 sibi
515 613 691 686 pertinentia
713 629 766 685 per
792 611 979 684 apostolicam
1028 611 1196 666 monasterii
1207 610 1236 667 S.
1248 610 1377 678 Victoris,
1394 627 1446 665 neo
1457 611 1546 666 ullum
1559 611 1700 683 'judiciiun
1713 629 1766 669 nec
1777 615 1839 688 pla-

175 703 376 758 ouctoritatem
389 701 415 757 ei
437 701 652 768 confirmamus,
673 701 778 756 amodo
799 703 828 756 et
844 700 978 772 usquein
1028 701 1117 756 citum
1130 700 1235 755 audeat
1247 701 1340 755 lacere
1355 717 1407 754 nec
1431 703 1539 768 tenere,
1563 717 1616 756 nec
1635 701 1712 757 inira
1725 705 1840 761 monae·

174 794 358 863 perpetuum,
374 791 416 846 ita
433 793 465 844 ut
484 791 564 846 nulla
578 807 686 862 magna
701 805 843 862 parvaque
856 804 979 860 persona
1029 790 1146 856 terium,
1158 805 1211 844 nec
1223 789 1254 842 in
1266 793 1358 844 totam
1369 791 1475 844 terrain
1487 788 1516 844 S.
1534 789 1663 858 Victoris,
1675 808 1739 864 quoe
1751 792 1838 849 hodie

173 879 279 936 audeat
293 896 422 952 unquam
437 879 564 951 aliquam
574 880 737 934 molestiam
752 879 859 934 inlerre
870 895 904 934 ex
919 894 980 932 om·
1028 879 1159 934 habetet
1177 879 1208 932 in
1224 881 1310 932 antea
1322 878 1448 946 babebit,
1465 895 1517 934 neo
1536 879 1609 934 ullus
1623 880 1783 952 abbasjarn
1796 881 1838 936 in·

173 967 258 1024 nibus
280 983 345 1039 quae
365 967 513 1040 pertinent
525 966 661 1039 praedicto
680 965 872 1033 monasteri0;
887 968 916 1020 et
928 965 977 1038 qui
1028 970 1121 1021 troeat
1135 966 1165 1020 in
1182 967 1369 1034 monasterio,
1383 967 1439 1022 nisi
1452 984 1539 1040 quem
1561 968 1656 1023 omnis
1676 985 1836 1042 congrega-

172 1057 281 1112 inierre
295 1055 521 1129 presumpserit,
536 1071 570 1110 ex
586 1054 755 1110 auctoritate
770 1055 978 1127 omnipotentis
1028 1056 1067 1110 tio
1081 1055 1211 1127 elegerit.
1231 1056 1264 1109 Et
1283 1055 1332 1128 qui
1345 1057 1399 1110 boc
1415 1056 1596 1129 privilegium
1618 1057 1778 1130 infringere
1791 1075 1838 1115 vo·

170 1146 233 1212 llei,
248 1148 278 1201 et
291 1145 368 1200 beati
383 1144 459 1200 Petri
472 1143 604 1219 apostoli,
620 1146 649 1198 et
666 1146 765 1198 nostra
778 1144 849 1199 sciat
860 1160 890 1198 se
915 1159 977 1198 esse
1027 1143 1121 1210 luerit,
1133 1161 1193 1199 non
1205 1145 1306 1212 valeat,
1322 1145 1373 1199 sed
1382 1148 1538 1216 componat
1548 1145 1577 1199 in
1588 1146 1701 1202 vinculo
1713 1147 1775 1202 anri
1787 1165 1836 1220 op·

169 1233 450 1290 excommunicatum
478 1236 507 1288 ct
539 1233 734 1300 maledictum,
767 1235 796 1287 et
818 1232 937 1305 insuper
960 1249 976 1286 a
1026 1233 1089 1288 timi
1103 1234 1191 1288 libras
1203 1237 1330 1288 centum.
1347 1236 1467 1306 insuper
1476 1234 1550 1290 iram
1563 1235 1770 1308 omnipotentis
1782 1237 1834 1293 Dei

168 1322 450 1380 communioueatab
463 1322 587 1378 Ecclesia
601 1325 775 1394 separatum,
789 1324 892 1376 etcum
903 1321 976 1376 Juda
1005 1315 1007 1318 ’
1025 1321 1162 1389 incurrat,
1174 1325 1203 1376 et
1212 1323 1248 1377 sit
1263 1322 1525 1378 excommunicatus
1538 1340 1572 1378 ax
1581 1324 1749 1380 auctoritate
1767 1342 1833 1382 san-

168 1415 198 1468 et
211 1410 327 1468 diabolo
342 1410 372 1465 iu
387 1410 669 1483 atrocissimispoenis
677 1411 883 1483 perpetualiter
893 1411 974 1466 dam·
1024 1410 1062 1465 cti
1075 1411 1154 1466 Petri
1170 1411 1303 1482 apostoli,
1319 1415 1348 1466 et
1362 1414 1470 1480 nostra,
1496 1415 1524 1466 et
1535 1415 1699 1468 sauctorum
1721 1416 1833 1470 trecen-

168 1503 280 1556 natum.
300 1500 425 1555 Joanoes
453 1502 558 1555 sanctae
580 1500 727 1555 catholicae
758 1502 787 1554 et
809 1499 974 1570 apostolicae
1025 1503 1121 1554 torum
1138 1502 1265 1568 Petrum,
1281 1499 1374 1554 ethoc
1392 1498 1574 1572 privilegium
1599 1501 1717 1556 firmum
1736 1505 1766 1556 et
1777 1505 1833 1557 sta·

168 1586 301 1644 Ecclesia
313 1589 486 1659 apostolicus
495 1590 599 1660 praesul
616 1590 670 1645 hoo
684 1588 764 1645 dedit
790 1588 974 1663 privilegium
1023 1586 1080 1643 bile
1095 1591 1274 1661 permaneat.

168 1679 200 1731 ιιι
213 1677 309 1731 nullus
331 1677 633 1749 metropolitanorum,
651 1678 746 1733 nullus
760 1678 972 1751 episcoporum,
1058 1676 1095 1748 θ
1113 1679 1189 1732 Bene
1203 1677 1308 1732 valeta

168 1765 264 1820 nullus
286 1780 392 1832 comes,
428 1783 480 1822 neo
511 1766 679 1834 vicecomes,
704 1783 756 1822 nec
780 1767 839 1822 ulla
866 1783 975 1838 magna
1057 1765 1515 1839 &Petrusscriniariusscripsit

170 1921 1816 1944 Q

845 2031 936 2080 Anao
954 2032 1075 2081 ooulru
1088 2033 1150 2080 Mx1

722 2162 1284 2313 andoenus

553 2405 1097 2497 HALBERSTATENSIS
1135 2407 1450 2498 EPISCOPUS

765 2628 1167 2728 annotet

552 2801 901 2908 EPISTOLA
929 2801 1023 2904 AD
1058 2797 1438 2904 HENRICUM

801 2979 1021 3020 semipedaneam
1041 2978 1188 3020 EPISCOPUK

570 3085 616 3140 DE
635 3084 873 3142 lNSTlTUlIONE
900 3083 1136 3141 EPlSCOPATUS
1157 3081 1417 3140 enussunobasls

712 3181 820 3256 (Edidit
832 3182 942 3246 Bneoz„
956 3179 1069 3238 lineali.
1081 3183 1103 3236 t.
1119 3181 1204 3255 1v,p.
1220 3181 1277 3254 39.)

195 3355 327 3415 llrmmco
340 3356 474 3432 episcopo
486 3360 645 3416 Aaronom.
981 3362 1007 3422 Β
1019 3356 1187 3430 diligentius
1197 3357 1303 3412 intueri
1314 3356 1365 3424 via,
1376 3356 1435 3412 Deo
1446 3352 1571 3428 propitio
1587 3353 1664 3410 unde
1674 3353 1742 3426 jure
1756 3367 1826 3424 gau·

198 3445 253 3502 Diu
267 3448 296 3502 et
308 3446 432 3502 multum
444 3447 589 3521 quaesitus,
601 3447 719 3504 domine
727 3447 779 3517 mi,
789 3450 888 3522 patere
899 3450 965 3503 tan·
1016 3446 1084 3502 deas
1090 3462 1149 3502 non
1156 3445 1365 3503 dehabebis.Tu
1371 3442 1561 3516 autem,quasi
1567 3441 1828 3516 aliquidinsupera·

161 3535 228 3591 dem
243 3534 471 3608 aliquandojam
485 3539 514 3592 to
533 3535 666 3592 inveniri.
682 3533 781 3593 Nescio
802 3553 858 3609 quo
874 3536 964 3592 infor·
1015 3535 1073 3592 hile
1088 3535 1139 3590 tibi
1155 3535 1292 3604 evenerit,
1308 3551 1371 3590 rem
1384 3537 1464 3590 tuam
1479 3534 1540 3589 tam
1556 3531 1698 3588 enerviter
1711 3532 1825 3586 tractas.

160 3624 242 3680 iunio
256 3641 334 3692 meo,
350 3625 462 3697 quoties
484 3625 515 3682 in
531 3624 587 3681 ista
609 3627 752 3682 terrarum
767 3641 872 3681 venero
900 3641 964 3699 quae
1014 3626 1047 3679 ln
1060 3628 1235 3680 conventum
1246 3624 1367 3679 lratrum
1384 3627 1502 3679 tuorum
1516 3621 1613 3678 venire
1625 3635 1749 3688 recusas,
1760 3636 1827 3676 cum

160 3711 330 3784 longissima
342 3716 374 3768 tu
383 3715 569 3787 peragrabas,
582 3717 611 3769 et
624 3731 740 3788 semper
749 3713 819 3770 dum
831 3713 862 3768 in
875 3715 965 3769 altera
1015 3712 1118 3786 quibus
1146 3713 1333 3769 incommoda
1347 3714 1396 3768 tua
1418 3711 1549 3767 evincere
1572 3709 1713 3766 debueras
1739 3708 1825 3780 iugis,

160 3800 224 3875 ripa
234 3801 362 3859 fluminis
374 3803 403 3858 te
413 3803 579 3858 nuntiatum
595 3819 704 3876 quaro,
716 3803 779 3873 jam
793 3802 920 3858 transisti
934 3803 964 3858 iu
1014 3817 1152 3874 magnam
1165 3801 1218 3858 tibi
1233 3800 1372 3856 invidiam
1395 3799 1523 3865 conllas;
1541 3800 1725 3870 conspectum
1737 3797 1824 3869 legis,

161 3888 486 3964 alteram,nequoquam
501 3891 783 3948 utsaltemlitteriste
795 3890 964 3946 conveniam
1013 3889 1095 3962 quasi
1108 3889 1221 3963 aliquid
1233 3889 1263 3944 in
1278 3905 1309 3944 se
1323 3887 1513 3955 commiseris,
1545 3885 1661 3943 devitas.
1683 3883 1757 3948 Quid
1782 3887 1826 3940 sat

162 3978 411 4049 opportunitatem
421 3979 502 4035 dans.
512 3979 712 4036 lacentadbue
726 3979 756 4036 in
772 3978 882 4036 scriniis
892 3979 964 4035 meis
1014 3973 1782 4051 hocquodtibiimportas‘lUbiestsepientiaillaquam
1792 3971 1822 4028 in

160 4065 263 4122 litterae
276 4067 423 4138 torpentes
433 4068 497 4139 jam
512 4069 622 4124 dudum
634 4068 685 4124 tibi
701 4067 827 4136 directae,
844 4084 915 4140 quas
926 4067 964 4123 le-
1013 4068 1042 4121 te
1053 4066 1162 4123 dudum
1172 4061 1822 4138 satisacutevigilasseconspeximus‘llstaqua

158 4157 243 4225 gatus
261 4171 342 4212 meus
356 4155 494 4229 postridie
517 4173 673 4230 regressus,
698 4160 727 4213 te
749 4173 808 4213 non
834 4156 961 4226 invento,
1012 4148 1822 4226 tufaoisnonvidenturassevigilantis,sedgraviquodam

158 4241 266 4298 lrustra
278 4260 308 4299 aa
320 4245 462 4316 accepisse
478 4247 596 4301 testatus
608 4245 806 4302 est.llaberem
818 4248 928 4314 tamen,
939 4244 962 4300 si
1012 4261 1115 4319 sopore
1123 4244 1260 4319 depressi,
1271 4262 1330 4300 non
1340 4242 1613 4312 clarevidentis,aed
1621 4242 1691 4298 dure
1702 4241 1822 4314 lippien-

159 4329 307 4400 auderem,
319 4333 444 4405 plurima
452 4333 505 4390 tibi
514 4349 669 4406 suggerere
683 4337 712 4389 et
720 4334 755 4390 de
767 4333 822 4389 ista
835 4350 963 4390 commo·
1012 4334 1058 4390 tis.
1076 4333 1288 4406 Expergiseem,
1299 4332 1419 4389 domine
1433 4332 1485 4400 mi,
1500 4331 1722 4406 aliquantulum,
1736 4332 1765 4385 et
1774 4346 1820 4386 oa·
1852 4357 1854 4360 ·

158 4418 240 4476 tione
254 4437 352 4478 rarum
365 4425 552 4496 tuarumque
561 4425 590 4478 te
597 4422 771 4496 ultraquam
779 4421 857 4479 credi
868 4423 965 4496 posset
1013 4439 1094 4496 pesse
1104 4425 1132 4478 te
1142 4422 1247 4495 ipsum.
1259 4421 1357 4478 Nescio
1371 4421 1475 4494 quibus
1484 4419 1690 4478 fascinantibus
1700 4420 1780 4476 extra
1792 4421 1821 4474 te

158 4509 360 4580 perturbatum
371 4513 474 4579 sentio,
497 4527 531 4567 ao
550 4512 586 4567 de
601 4515 701 4568 nostra
714 4511 813 4579 etiam,
826 4527 898 4584 quos
911 4510 964 4567 tibi
1015 4511 1114 4568 ductus
1121 4529 1160 4568 es.
1168 4511 1284 4568 Enitere
1294 4511 1390 4584 quoad
1398 4510 1489 4584 possis
1499 4512 1531 4565 ut
1545 4509 1720 4581 adteipsum
1729 4523 1823 4564 rever·

159 4583 290 4652 infirmas
313 4613 359 4652 raa
385 4602 497 4654 nostras
518 4601 577 4656 lieo
604 4600 732 4656 donante
756 4600 918 4668 miseratus,
934 4599 965 4654 in
1014 4599 1822 4674 tarisboquiturvoxdivina:Surgeqaidormis,etemur-

159 4685 518 4758 patrociniumvindicaeti,
531 4687 752 4743 defensionele
763 4692 860 4744 autern
877 4687 1000 4753 salvae
1014 4706 1046 4760 qe
1059 4707 1075 4746 o
1088 4691 1209 4752 mortuis,
1220 4695 1245 4743 et
1258 4688 1421 4743 illuminabit
1432 4695 1456 4743 te
1468 4686 1591 4744 Gli-istm
1604 4685 1711 4759 (pres.
1725 4701 1754 4754 o,
1765 4691 1820 4752 lt).

158 4791 205 4829 res
216 4775 322 4830 nostrae
334 4775 363 4830 in
376 4778 462 4848 portu
477 4776 663 4849 navigabunt.
687 4777 828 4841 Quocirca
842 4777 965 4834 dimissis
1013 4777 1054 4832 Tu
1063 4778 1174 4851 primns
1183 4777 1314 4832 autinter
1323 4777 1442 4849 primos,
1454 4776 1542 4832 etiam
1551 4779 1709 4848 antequam
1719 4775 1823 4830 reade-

158 4861 964 4938 interimnostris,rebustuis,quodmodomagispremit,
1013 4869 1067 4934 ret,
1080 4866 1230 4922 dominum
1241 4865 1616 4937 illumtibipraelogisti.'l'u
1625 4867 1724 4937 postea
1734 4879 1822 4936 quan-

158 4952 182 5006 si
205 4951 302 5023 aliquo
331 4951 419 5008 modo
436 4953 547 5009 mederi
569 4953 659 5025 possit
678 4953 888 5026 invigilandum
910 4957 962 5008 eat.
1013 4957 1075 5010 tum
1085 4957 1209 5026 potares,
1220 4952 1293 5008 sicut
1306 4953 1460 5026 magnifice
1474 4957 1599 5028 poteras,
1619 4957 1651 5008 ut
1671 4969 1720 5009 rex
1741 4952 1822 5006 lieret

157 5039 342 5112 Adiutorium
357 5043 488 5097 nostrum
503 5059 521 5097 a
535 5042 670 5110 Domino,
680 5042 729 5116 qui
741 5042 810 5098 iecit
822 5042 965 5099 coelumet
1013 5043 1150 5098 institisti.
1162 5042 1287 5098 Proinde
1299 5045 1381 5098 tanta
1400 5043 1430 5097 in
1450 5042 1573 5100 invicem
1596 5042 1733 5097 suavitate
1752 5053 1822 5092 con-

156 5131 278 5185 terram.
293 5128 367 5193 Quid
387 5133 430 5185 est
445 5130 509 5199 boc,
529 5131 648 5186 domine
662 5131 714 5200 mi,
737 5132 816 5205 quod
838 5135 918 5188 tanto
934 5136 963 5188 ts
1014 5131 1119 5201 juncti,
1134 5130 1362 5187 tantacbaritate
1376 5130 1511 5200 devincti,
1527 5135 1555 5188 te
1567 5145 1654 5186 nemo
1677 5129 1706 5182 in
1716 5127 1821 5182 libera·

156 5233 283 5274 moerore
297 5217 615 5292 afficileuidcontigit
629 5219 682 5277 tibi
697 5221 775 5278 unde
786 5225 921 5295 torquere
935 5225 963 5278 ta
1014 5222 1079 5278 liter
1093 5219 1243 5277 serviendo
1257 5221 1310 5276 sibi
1322 5221 1461 5291 devotior,
1477 5211 1507 5276 s‘e
1522 5236 1608 5276 nemo
1624 5217 1653 5272 in
1667 5213 1825 5271 amicabili-

157 5307 286 5362 babeas‘l
297 5305 416 5363 Etiamsi
432 5308 532 5378 pericli
544 5308 653 5381 aliquid
668 5309 754 5373 ioret,
772 5315 845 5366 esset
865 5314 963 5367 tamen
1014 5313 1059 5366 ter
1072 5309 1239 5384 accipiendo
1252 5311 1389 5384 paratior,
1403 5325 1518 5383 prorsus
1532 5307 1642 5380 glutine
1652 5303 1779 5378 quodam
1795 5307 1824 5360 et

156 5395 391 5469 ferendum,quia
402 5396 490 5451 levius
498 5397 531 5453 flt
538 5397 679 5471 patientia
692 5397 832 5471 quidquid
841 5399 966 5471 corrige·
1014 5400 1126 5455 vinculo
1139 5400 1273 5456 amicitiae
1284 5399 1364 5474 quasi
1380 5394 1608 5471 inseparabiliter
1617 5393 1742 5466 colligati
1753 5393 1824 5448 luia·

157 5497 189 5538 re
204 5486 248 5538 est
266 5484 348 5540 nefas
360 5485 410 5555 (l).
428 5485 505 5542 lstud
515 5487 671 5544 verounde
688 5503 764 5542 nuuc
775 5489 804 5542 te
816 5487 932 5561 afiligis,
942 5488 965 5544 si
1014 5489 1062 5546 tis.
1075 5491 1224 5547 Postremo
1235 5489 1399 5565 ubieunque
1409 5488 1452 5543 vel
1472 5484 1703 5559 quandocunque
1717 5487 1825 5540 autae-

195 5605 234 5677 (a)
249 5605 318 5662 llos.
332 5604 427 5662 Germ.
441 5623 461 5676 1,
474 5607 519 5676 tl,
538 5610 579 5664 19.
