4006 6178
132 363 167 418 tot
793 352 840 412 DE
857 353 1064 416 onomate.

155 478 252 536 littere
265 478 371 543 eutem,
385 471 434 548 qui
458 477 488 530 et
510 470 607 530 obtusi
626 473 740 547 anguli,
758 475 782 532 si
805 477 939 549 majori

127 565 227 626 dimidio
237 563 330 621 circuli
342 579 410 636 pars
422 562 478 620 hoc
492 561 580 618 modo
595 560 755 621 formetur:
1241 525 1476 737 Α

151 1277 220 1422 mii
232 1293 298 1334 vero
313 1278 397 1352 dunt,
411 1282 435 1339 si
448 1285 547 1342 minor
561 1283 719 1342 medietate
733 1279 831 1337 circuli
840 1295 908 1352 pars
1244 1170 1481 1563 ·

151 1366 196 1422 scri
215 1365 296 1422 itur:

377 1567 608 1738 Q

149 1855 180 1909 Er
191 1854 254 1912 solis
264 1859 366 1914 autern
381 1856 653 1914 circumferentibus
666 1855 761 1924 lineis,
772 1855 795 1912 si
808 1870 866 1923 eas,
875 1855 906 1912 id

121 1947 162 2011 est,
179 1947 231 2000 tres
249 1948 426 2018 angulorum
445 1945 563 2017 species,
585 1945 655 2000 reiis
671 1945 810 2018 tigurare,
834 1942 906 2001 duos

121 2035 223 2104 emulos
236 2034 358 2091 circulos
376 2035 417 2091 ita
431 2035 484 2090 sibi
505 2034 628 2090 invicem
643 2034 765 2091 innexos
781 2033 904 2090 circum·

991 1723 1147 1783 Sciendum
1162 1737 1278 1798 qnoque
1297 1721 1341 1778 est
1358 1718 1437 1794 quod
1447 1715 1524 1776 acuti
1538 1719 1637 1794 anguli
1647 1721 1756 1779 batene-

920 1796 1006 1882 Bres,
1017 1813 1135 1870 habetes
1148 1829 1216 1870 vero
1230 1808 1423 1870 animemed
1436 1809 1688 1882 comparationem
1699 1810 1757 1868 sci-

955 1900 1022 1956 licet
1037 1904 1107 1959 recti
1123 1901 1222 1976 anguli
1237 1901 1331 1958 solent
1353 1896 1503 1972 appellari.
1528 1897 1632 1954 ilectus
1647 1901 1756 1975 quippe

955 1992 1077 2064 angulus
1090 1991 1125 2047 ab
1139 1992 1255 2058 hebete,
1268 1991 1366 2062 utpote
1377 1987 1528 2055 exteriore,
1544 1986 1703 2061 latioreque
1714 1989 1757 2045 in·

120 2121 207 2190 ducito,
219 2125 248 2177 ut
270 2128 394 2196 uterque
412 2122 656 2178 circumductione
670 2139 722 2178 sua
741 2125 818 2178 secet
833 2123 904 2178 atto·
954 2079 1236 2241 ἲιῗέἑξυξέιὲἰίᾱοζὲζ
1247 2080 1491 2238 ἶὲξῗὲἓίῗῗυὲἱῗᾶ
1501 2078 1535 2218 ¹¹¹³,
1546 2075 1681 2235 ZZZ-¹:25:
1692 2093 1756 2220 εἰ

121 2209 165 2265 ¹⁴³⁸
176 2213 325 2281 punmmi
342 2211 439 2284 ³i⁰q¹¹⁰
453 2215 482 2267 ⁰²
502 2212 531 2268 in
545 2211 651 2280 'mdia’
667 2210 697 2267 ¹¹⁵
710 2211 807 2276 ffllffl'
824 2225 902 2279 Μ’
955 2259 1034 2316 mule
1045 2259 1206 2327 rectilinea,
1220 2257 1270 2315 ubi
1287 2271 1390 2312 omnes
1402 2252 1576 2325 angulorum
1591 2251 1700 2324 species
1718 2253 1753 2310 ed

1065 2364 1100 2404 ω

954 2453 1003 2492 mo
1025 2453 1053 2492 0.

501 2577 596 2609 Α
1244 2579 1312 2640 REC

322 2577 671 3046 Q
1088 2863 1198 2924 flppps
1221 2659 1406 2924 Luculli!
1519 2898 1526 2926 ,

916 3081 942 3144 C

988 3027 1163 3084 intuendum
1177 3022 1266 3080 etiem
1287 3023 1331 3078 est
1351 3022 1430 3095 quod
1449 3027 1535 3083 recte
1548 3027 1753 3104 lineosjeceuti

955 3117 1068 3174 sirecte
1083 3133 1151 3183 unu,
1177 3129 1241 3188 qun
1262 3111 1508 3185 perpendicularis
1522 3114 1637 3188 dicitur,
1660 3126 1757 3180 erecte

954 3208 1106 3280 superstet,
1129 3201 1179 3260 ubi
1202 3201 1351 3274 jacentem
1378 3201 1483 3274 tangit,
1508 3220 1544 3259 ex
1569 3208 1690 3281 utraque
1712 3211 1756 3267 sui

954 3297 1037 3368 parte
1046 3295 1158 3350 rectum
1172 3290 1316 3363 angulum
1331 3287 1438 3346 alliciet
1450 3291 1507 3347 hoc
1519 3294 1607 3352 modo
1623 3312 1631 3354 z

148 3166 219 3232 Quod
238 3169 261 3224 si
280 3169 355 3225 duos
370 3169 441 3225 alios
459 3169 660 3234 connexueris,
675 3167 716 3226 ita
736 3171 768 3226 ut
782 3171 905 3244 uterque

119 3273 159 3312 sno
171 3259 275 3314 ambitu
292 3261 436 3333 punctum
449 3258 578 3315 includat
602 3259 630 3315 in
656 3257 754 3314 media
778 3259 904 3316 embado

120 3344 177 3400 duos
194 3347 322 3416 hebetes,
337 3347 368 3403 iu
387 3349 511 3421 quatuor
534 3348 701 3404 altrinsecus
720 3363 789 3405 vero
805 3347 905 3422 positis

120 3437 200 3490 mutos
210 3435 400 3493 nihilominus
413 3435 536 3509 angulos
547 3435 687 3494 formabis
702 3435 742 3492 ita
755 3453 762 3491 :

368 3665 637 4137 (ο)
992 3944 1021 4002 Si
1036 3960 1103 4002 vero
1120 3944 1156 4002 ed
1176 3947 1350 4008 alterutram
1370 3955 1484 4023 partem
1505 3954 1583 4014 linea
1596 3959 1761 4029 superstans

956 4034 1120 4100 inclinetur,
1131 4035 1161 4092 in
1175 4035 1235 4106 illa,
1251 4039 1289 4095 ed
1303 4056 1392 4112 quam
1406 4041 1570 4112 inclinetur,
1587 4046 1670 4117 perte
1685 4045 1760 4102 inte·

956 4123 1077 4192 riorem,
1092 4123 1191 4194 idest,
1209 4129 1327 4182 acutum
1347 4130 1486 4200 angulum
1505 4130 1603 4200 eflicit,
1620 4131 1650 4188 in
1670 4133 1761 4192 altera

956 4227 1025 4268 vero
1040 4213 1228 4282 exteriorem,
1244 4215 1274 4270 id
1289 4219 1333 4272 est
1346 4216 1496 4287 hebetem,
1515 4218 1556 4275 ite
1571 4223 1670 4284 tamen
1683 4223 1716 4277 ut
1729 4222 1760 4279 hi
1851 4249 1854 4254 ·

151 4331 192 4390 Sin
207 4339 304 4392 mem
330 4331 372 4387 ih
390 4327 452 4385 bini
464 4327 518 4384 sibi
535 4330 700 4399 nectantur,
714 4333 745 4398 u,
767 4335 906 4402 punctum
920 4299 1015 4426 Ι)(1ιιο
1040 4302 1149 4373 anguli,
1177 4301 1300 4360 interior
1321 4304 1430 4362 seilicet
1452 4310 1483 4363 et
1502 4307 1628 4366 exterior
1649 4309 1762 4368 duobus
1875 4331 1896 4344 ··

123 4423 268 4479 ulterutrins
282 4423 323 4478 ab
329 4419 421 4476 altero
433 4416 566 4473 immune
576 4417 698 4473 omnino
713 4419 905 4494 relinquatur,
958 4389 1043 4446 ‘⁰⁰5⁵
1054 4389 1113 4446 ⁵i¹¹t
1127 4392 1263 4464 ”qumi
1273 4393 1330 4450 ¹¹⁰⁰
1343 4395 1433 4453 ¹¹¹⁰d⁰
1450 4413 1458 4452 ἕ

121 4510 145 4565 iu
157 4512 243 4568 media
253 4510 396 4568 nimirum
413 4505 510 4562 areola
524 4503 600 4560 acuti
612 4504 642 4560 iu
656 4507 793 4565 extremis
814 4509 907 4569 utrin-

1195 4725 1414 4802 ³¹rffl
1433 4721 1563 4768 neurus

122 4601 280 4672 qnehcbetis
297 4595 398 4671 aegidi
420 4593 528 4669 species
551 4593 726 4667 figurantur,
745 4599 776 4654 ut
801 4601 906 4658 cernis.

315 4775 691 5263 Q
991 5013 1138 5081 otrentum
1160 5013 1242 5072 enim
1265 5011 1388 5070 interior
1409 5026 1428 5067 a
1452 5013 1532 5068 recto
1551 5009 1649 5068 miuus
1660 5009 1760 5078 babet,

955 5105 1071 5161 tantum
1082 5103 1207 5162 exterior
1222 5105 1334 5158 rectum
1345 5099 1521 5174 supersedit.
1536 5097 1658 5165 Quodsi
1673 5102 1760 5156 recte

952 5193 1062 5267 jacenti
1080 5192 1164 5250 lineae
1179 5191 1243 5248 duae
1266 5187 1392 5247 adversis
1409 5187 1543 5260 partibus
1558 5185 1704 5245 inclinate
1720 5186 1761 5246 ite

954 5283 1129 5357 superstent,
1147 5284 1179 5337 ut
1191 5283 1227 5337 'et
1245 5279 1327 5336 illam
1349 5282 1429 5335 etse
1455 5276 1579 5335 invicem
1609 5275 1647 5334 ed
1667 5291 1759 5334 uuum

955 5375 1097 5446 punctum
1113 5372 1245 5443 tangant,
1261 5373 1321 5426 tres
1335 5367 1475 5424 nimirum
1498 5365 1653 5424 interiores
1667 5381 1759 5440 engu-

151 5459 287 5522 utentem
309 5485 410 5530 omnes
423 5475 601 5549 angulorum
615 5476 725 5552 species
737 5473 769 5531 in
784 5483 840 5529 una
855 5483 908 5542 pa·
956 5461 999 5518 los
1013 5462 1153 5528 forment,
1169 5459 1209 5513 ita
1221 5461 1332 5526 umen,
1345 5459 1378 5513 ut
1395 5457 1426 5513 hi
1447 5461 1506 5512 tres
1529 5455 1628 5529 angerii
1648 5452 1760 5511 duobus

30 5591 31 5614 i
124 5545 182 5606 n'ter
202 5552 399 5634 inspiciantur,
426 5564 492 5622 ιω,
522 5566 699 5626 circulorum
721 5557 908 5637 componitur
957 5549 1042 5606 rectis
1056 5547 1181 5624 equales
1194 5546 1260 5604 sint.
1274 5546 1349 5602 Nam
1363 5545 1548 5603 tantumdem
1571 5542 1657 5618 spatii
1671 5555 1761 5616 quan-

124 5644 273 5706 woueaio:
958 5637 1089 5700 tumduo
1102 5633 1404 5712 metioocupant,boo
1417 5633 1530 5694 modo:
