3952 6176
111 439 148 498 se
484 433 531 492 br
546 431 734 493 mutunus
749 431 780 494 S.
795 431 976 494 undanter!
991 429 1083 494 unilt
1097 427 1181 494 bue.
1195 459 1229 474 ·-
1243 429 1309 491 uo.
1324 427 1357 486 ll.
1696 431 1753 492 een

110 574 166 616 nee
174 553 313 628 petitores
327 552 435 626 mutis,
448 554 515 628 quia
536 554 605 612 inde
618 555 711 611 iorem
738 555 896 628 adepturus
908 560 936 623 Α
949 553 1032 619 Quod
1046 569 1113 612 vero
1130 551 1161 608 in
1175 551 1237 625 ipso
1249 550 1341 626 regali
1355 543 1502 625 praecepto
1523 549 1681 612 noenius
1696 554 1755 628 (37)

110 643 257 702 remedium
274 644 414 702 sanitatis.
432 645 465 700 Et
483 645 550 716 quia
563 646 640 700 solus
654 661 718 700 cuns
735 644 900 700 dulcissime
950 646 1079 710 vocatur,
1102 640 1277 713 permutatio
1298 641 1430 698 veterum
1451 640 1520 698 lacit
1535 643 1701 712 verborum,
1727 646 1760 700 ut

110 735 234 808 genitrice
250 734 357 802 recedi,
378 737 461 806 patre
482 734 599 789 orbatus
619 736 646 788 et
671 732 818 800 tratribus,
839 733 900 805 ipsa
953 733 1019 803 post
1033 730 1117 786 latius
1131 730 1325 786 ostendemus.
1338 729 1405 786 Post
1417 729 1497 800 cujus
1512 731 1757 798 excessum,vioini

110 841 154 880 non
163 823 321 890 abnuente,
337 839 436 878 verum
461 823 515 876 boc
532 821 624 894 ipsum
642 821 704 876 ficri
719 822 817 876 scdrrlo
850 821 900 876 de·
951 819 1058 892 quiquo
1071 818 1126 872 boc
1149 819 1190 872 eis
1214 815 1356 890 praedium
1378 818 1490 873 auterre
1514 818 1619 890 moliti,
1645 818 1683 876 ael
1703 817 1757 878 sibi

109 911 333 984 poscente,voveu
347 913 404 966 Deo
416 910 518 982 etjam
533 910 609 966 dicto
626 910 720 966 eximo
731 908 896 976 benedicto,
951 907 1021 962 utile
1035 909 1193 978 coegerunt
1207 905 1352 962 declinere
1362 906 1524 966 consilium.

109 999 271 1054 hereditatis
287 1015 359 1054 meae
374 997 832 1071 portioncm‚cuicaputcervium
848 1015 899 1052 no·
1273 993 1385 1050 CAPUT
1404 995 1435 1048 V.

109 1105 163 1142 men
179 1091 231 1154 esp,
243 1103 310 1142 cum
334 1086 468 1142 omnibus
483 1085 519 1140 ad
534 1103 600 1142 eam
628 1087 849 1158 pertinentibus,
866 1101 900 1140 00
952 1067 1102 1148 Adernarus
1118 1063 1245 1122 Brncer'e
1260 1071 1286 1120 rt
1301 1063 1497 1148 Cuptttsceror't
1511 1067 1628 1150 incusor.
1643 1065 1757 1124 otherio

983 1141 1129 1209 preparato
1140 1136 1287 1205 anonenr
1296 1136 1428 1202 hortante,
1444 1137 1648 1194 orsoorcrdente.
1660 1139 1756 1194 Terri-

110 1174 227 1231 ridelicet
242 1177 386 1230 tenorent
402 1173 568 1244 superstites
585 1175 671 1230 anrrbo
689 1175 900 1229 usumfructum
987 1216 1030 1263 ,m
1051 1208 1147 1263 mm
1166 1207 1275 1261 mmm,
1296 1205 1327 1261 S¹
1356 1205 1506 1264 Bemmi.
1524 1207 1618 1264 cmm
1630 1209 1664 1265 de
1682 1209 1758 1268 3⁶53

109 1261 288 1336 acpraesentis
303 1261 367 1318 vitae
383 1261 563 1316 exactionem
578 1262 749 1328 retinentes,
764 1261 902 1317 iratribus
988 1282 1061 1335 ,pag
1087 1277 1240 1333 ΛΜΝ(
1254 1277 1360 1334 mm
1375 1281 1461 1334 „gem
1484 1286 1508 1334 ep
1529 1286 1630 1351 captu,
1649 1281 1758 1350 savem,

109 1349 322 1406 Floriecensibus
348 1353 413 1422 post
435 1350 524 1406 nostri
550 1349 770 1406 dissolutionem
798 1353 902 1405 cuncta
986 1367 1101 1422 superno
1112 1349 1300 1413 vz'rtrrte3socr'i
1310 1349 1399 1403 itidem
1414 1350 1549 1420 castigati.

109 1436 543 1510 restituiiuciamus.Speetenim
555 1437 901 1510 suscipiendaeprolisper
989 1441 1032 1492 ll.
1050 1436 1190 1508 Denique,
1214 1438 1246 1490 ut
1266 1435 1421 1508 superioris
1445 1437 1610 1496 continetur
1629 1438 1703 1497 serie
1727 1439 1759 1496 li·

111 1543 181 1598 supra
191 1528 387 1581 memoratam
398 1525 526 1598 privatus
539 1525 901 1592 revelationem,sullicitu·
951 1525 996 1580 bri
1009 1525 1076 1598 (cup.
1092 1523 1147 1596 le),
1161 1523 1331 1580 habitaculis
1342 1526 1511 1582 monachico
1522 1527 1657 1598 congruis
1663 1527 1758 1584 ordini

110 1616 193 1672 duem
205 1615 346 1671 ducende
371 1614 467 1670 uxoris
481 1615 610 1670 funditus
625 1614 727 1686 abjeci.
745 1615 902 1686 Properate
951 1611 1759 1690 inibiconstructis,spempotieudarumrerumipsarum

110 1703 182 1775 igitvu
196 1702 412 1775 quantocius.et
425 1703 523 1758 vestris
531 1718 738 1774 servorumque
754 1701 805 1758 Dei
832 1700 902 1756 inibi
952 1701 1121 1758 adversariis
1144 1701 1282 1756 sustulere
1298 1717 1387 1774 usque
1407 1701 1445 1758 ad
1467 1706 1603 1774 tempora
1627 1705 1758 1765 ltotberti

110 1791 263 1862 degentium
274 1790 406 1863 precibus
421 1805 507 1861 opem
523 1790 681 1860 elllagitate
697 1789 815 1844 misero.
832 1810 846 1840 n
952 1787 1229 1860 regissrliillugonis.
1241 1787 1303 1852 Quo
1314 1805 1387 1843 onus
1397 1790 1757 1862 gubernandisuscipieute

138 1883 160 1946 o,
178 1878 309 1949 Acceptis
334 1879 395 1950 ejus
418 1877 517 1932 fideles
544 1877 712 1949 hujusmodi
739 1875 902 1950 preceptis,
952 1877 1046 1948 regni,
1061 1877 1222 1932 ademarus
1243 1875 1494 1948 quidamjnventa
1515 1879 1681 1954 pariterque
1695 1896 1758 1935 cor·

109 1983 165 2021 cum
178 1966 281 2020 ventis
295 1965 352 2038 (35)
367 1964 532 2037 ipsiusauro
547 1964 668 2033 ornatis,
685 1981 738 2038 por
763 1981 835 2036 quos
850 1964 901 2019 do·
913 1949 940 2008 Β
953 1964 1032 2038 poris
1042 1965 1133 2020 elatus
1145 1965 1252 2032 forma,
1265 1963 1344 2036 cujus
1355 1965 1581 2038 genitorWildo,
1590 1968 1619 2022 in
1630 1967 1702 2024 urbe
1711 1967 1762 2026 Le·

108 2055 249 2110 nationem
265 2057 495 2109 memoratarum
507 2070 606 2108 rerum
617 2053 705 2108 sacris
716 2053 903 2126 imponerent
952 2053 1097 2109 movinine
1112 2051 1287 2108 vicecomitis
1297 2053 1601 2125 tangebaturhonore,
1614 2056 1759 2112 netarium

105 2143 246 2210 altaribus,
262 2143 369 2215 absque
380 2142 722 2198 dilatiouovonerauduru
732 2141 903 2196 adeuutcoe·
952 2141 1231 2196 molitusestscolus.
1241 2141 1371 2214 Namque
1381 2141 1760 2216 Lemovicinisnequaqnam

101 2231 226 2300 uobium,
243 2228 383 2287 mandata
398 2245 554 2304 precesque
574 2231 616 2285 sui
642 2229 754 2284 domini
781 2234 902 2284 catervas
952 2233 1107 2285 contentus
1121 2229 1307 2285 facultatibus
1325 2246 1358 2284 en
1377 2232 1499 2301 paterna
1514 2231 1568 2286 sibi
1591 2231 1760 2288 haereditate

99 2319 309 2374 innotescentes
323 2319 457 2374 iratrum.
473 2317 660 2374 Memorabile
674 2317 769 2373 dictu!
798 2318 902 2374 eadem
948 2317 1761 2391 juresuppetentibus,dumcerneretnumerosamcohae-

97 2406 149 2474 die,
165 2407 287 2480 ipsoque
300 2407 378 2462 hore
390 2409 551 2472 momento,
568 2422 624 2478 quo
641 2405 691 2478 qni
704 2405 783 2462 missi
806 2408 899 2473 eraut,
951 2408 1762 2482 redumfratrumsuorumsuccrescerastirpem,insubri-

94 2495 201 2550 douum
216 2511 284 2550 cnm
299 2494 477 2549 orationibus
492 2497 559 2548 autc
576 2494 667 2550 sancti
686 2495 901 2565 presentarunt
951 2495 1072 2567 piendas
1079 2513 1124 2550 res
1132 2495 1239 2550 alienas
1247 2494 1638 2570 animuminteudit,dolique
1648 2497 1761 2566 artifex,

93 2584 250 2651 tumulum,
268 2599 346 2654 aeger
356 2581 404 2654 qui
415 2582 574 2654 nonaginta
590 2581 716 2638 millibus
728 2582 844 2652 jacebat
853 2598 900 2638 se·
951 2587 1078 2639 castrum
1098 2584 1177 2655 quod
1201 2600 1218 2638 a
1240 2583 1393 2638 rusticanis
1405 2584 1522 2642 Bruccia
1531 2585 1585 2656 (38)
1600 2583 1705 2642 dicitur
1716 2585 1760 2642 in·

91 2675 189 2726 mutus
204 2687 222 2725 a
237 2671 301 2726 loeo
315 2669 534 2742 integerrimam
545 2670 665 2744 adeptus
673 2674 716 2726 est
728 2669 898 2726 sanitatem.
951 2687 1076 2744 gressus,
1093 2670 1247 2726 domiuum
1260 2687 1291 2726 se
1304 2671 1419 2743 agebat.
1432 2671 1499 2727 Erat
1513 2671 1544 2727 in
1561 2672 1761 2746 eaprovincie‚

89 2758 655 2831 QuilaudumDeopraecouiasanctoque
666 2758 900 2815 dansBenedicto
951 2761 994 2816 vir
1003 2759 1209 2832 quidambaud
1222 2760 1447 2815 contemnendae
1459 2761 1608 2832 potentine,
1617 2761 1697 2834 liugn
1710 2779 1762 2818 no·

88 2846 386 2918 gratiarumcantica,
400 2847 611 2902 exercitationis
623 2847 819 2902 venationisve
832 2864 898 2918 gra·
953 2849 1043 2916 mine,
1062 2846 1108 2902 cui
1122 2847 1220 2902 media
1230 2864 1297 2919 pars
1312 2848 1399 2921 ipsius
1411 2847 1496 2903 castri
1511 2848 1697 2906 haereditarie
1707 2850 1759 2905 ob·

87 2935 279 2990 tiasilrarum
290 2934 373 3008 petiit
397 2933 559 2990 abdita.Cui
576 2934 647 2990 dum
670 2936 766 2991 studet
781 2951 903 3010 operam
951 2939 1072 2994 venerat
1093 2936 1281 2992 successione.
1308 2937 1386 2992 Hanc
1402 2935 1460 3007 ille,
1485 2936 1527 2992 uti
1549 2939 1578 2992 et
1602 2955 1667 2992 earn
1695 2954 1760 3012 quae

89 3025 162 3079 dare
177 3023 234 3092 rei,
247 3022 465 3080 occurritsuisa
480 3027 578 3080 nostro
604 3025 804 3082 remeantibus
838 3042 903 3081 mo·
952 3025 1117 3096 genitorem
1126 3025 1311 3097 competebat
1319 3025 1761 3096 suum‚ausntemerariopervu·

87 3115 232 3181 nastes-io,
245 3130 333 3187 quem
360 3113 401 3168 illi
425 3106 580 3186 conspicati
607 3114 765 3186 equitando
793 3115 902 3169 saltum
953 3113 1005 3167 dit.
1019 3113 1090 3169 Toto
1112 3113 1209 3184 itaque
1227 3113 1334 3183 potitus
1347 3115 1451 3176 castro,
1464 3113 1562 3186 copias
1576 3112 1702 3168 duorum
1713 3129 1761 3169 co·

81 3219 258 3274 peragrare,
273 3204 389 3274 stupore
405 3203 516 3275 ingenti
540 3202 663 3274 perculsi
677 3205 756 3271 sunt,
771 3201 1058 3292 videntescmitum
1083 3201 1131 3272 qui
1154 3217 1222 3255 enm
1252 3200 1321 3256 inde
1347 3201 1456 3271 pellere
1484 3200 1663 3272 nitebantur,
1691 3199 1759 3257 Wil-

80 3289 253 3358 hominem,
268 3290 379 3346 dudum
390 3291 497 3362 absque
513 3290 631 3346 alterius
645 3289 819 3346 adminiculo
836 3291 902 3344 ele·
952 3289 1032 3345 lelmi
1047 3291 1101 3362 (39)
1118 3288 1251 3345 videlicet
1266 3288 1460 3358 Pictaviensis,
1477 3293 1506 3346 et
1529 3289 1649 3347 Bosonis
1660 3291 1762 3347 Petra-

82 3380 164 3434 ctulo
177 3395 238 3434 uon
247 3379 393 3434 valentem
409 3383 609 3450 surgerc,tunc
622 3397 681 3435 non
696 3381 790 3434 solum
805 3377 896 3434 firmi·
953 3377 1054 3450 gerici,
1073 3395 1125 3450 per
1145 3377 1311 3450 quindecim
1335 3377 1450 3434 dierum
1474 3379 1593 3436 eludens
1621 3378 1760 3452 spatium,

81 3471 130 3521 ter
146 3467 295 3534 incedere,
312 3467 518 3522 verumetiam
535 3484 642 3539 equum
666 3485 750 3522 cursu
765 3467 900 3539 fatigare.
953 3467 1136 3522 obsidionem
1144 3482 1193 3522 eos
1201 3467 1311 3522 solvere
1321 3466 1431 3540 coegit:
1448 3485 1505 3542 qua
1515 3468 1653 3523 liberatus
1665 3485 1763 3524 neces·

82 3554 293 3611 llaesitautibus
302 3554 361 3610 illis
373 3557 402 3609 et
414 3555 505 3609 vultus
517 3555 708 3612 similitudine
724 3573 753 3611 se
767 3556 902 3626 deceptos
952 3555 1184 3622 sitate,audendo
1193 3555 1307 3626 majore
1318 3554 1511 3629 municipium
1518 3556 1609 3613 Patris
1615 3555 1762 3614 Benedicti

82 3643 321 3711 autumantibus,
339 3643 456 3700 obvium
470 3660 499 3698 se
515 3642 561 3698 illc
580 3643 902 3716 gratulabundusoltert
952 3642 1760 3716 quatuoretsemismillibusememoratodistanscastello

83 3731 212 3804 inquirit
222 3730 330 3786 deiude
341 3730 489 3786 sollicitius
502 3730 580 3788 diem
598 3749 655 3805 quo
664 3749 715 3804 pro
733 3748 762 3786 se
774 3735 839 3788 vota
849 3733 903 3787 sol·
952 3731 1115 3787 absentiam
1129 3731 1276 3803 praepositi
1290 3731 1575 3805 Otheriiaucupatus,
1586 3733 1762 3790 latrocinan-

83 3818 215 3888 riffient3
231 3819 385 3893 ipsumque
400 3819 486 3874 lenisse
507 3820 666 3876 certissIme
686 3819 829 3892 comperit
844 3837 901 3894 quo
952 3817 1024 3874 tium
1034 3835 1115 3874 more
1127 3817 1461 3891 ingreditur.ltunicipio
1472 3819 1679 3892 illiantiquites
1690 3821 1762 3877 Salis

85 3907 140 3960 sibi
152 3909 279 3962 salutem
295 3905 433 3978 obtigisse
444 3906 599 3980 gaudebat.
689 3918 693 3926 '
952 3922 1060 3961 nomen
1070 3905 1465 3977 indiderat,eoquemonachi
1472 3906 1684 3964 habitationem
1692 3908 1761 3963 assi-

124 3999 168 4050 to.
189 3997 262 4051 lluic
275 3996 402 4068 antiquae
415 4001 547 4052 veterum
558 3995 694 4052 relationi
712 3996 840 4054 virorum
852 4013 899 4053 re·
951 3993 1073 4049 duema
1094 3993 1282 4066 caputcervio
1307 3997 1568 4062 commutaverant,
1591 4011 1625 4050 eo
1642 3994 1720 4070 quod
1737 3994 1761 4050 is

87 4085 240 4155 pugnabat
262 4083 408 4157 antiquius
435 4085 512 4140 tertii
536 4084 655 4141 Cloterii
675 4085 729 4158 (36)
750 4085 827 4158 regis
837 4085 897 4140 edi·
950 4081 1029 4137 locus
1043 4098 1154 4155 magna
1169 4099 1203 4137 ex
1217 4085 1301 4153 parte
1316 4084 1421 4136 natura
1434 4081 1510 4137 foret
1525 4081 1666 4141 munitus.
1679 4083 1760 4138 liuns

89 4177 180 4244 ctum,
195 4174 227 4228 iu
251 4189 309 4246 quo
332 4173 497 4229 continetur
512 4173 591 4247 quod
616 4177 795 4230 memoratus
811 4175 897 4230 Otbe-
948 4170 1085 4241 praelatus
1101 4170 1263 4226 Anamares
1273 4169 1390 4238 idcirco,
1408 4173 1439 4226 ut
1447 4171 1582 4242 postipse
1596 4168 1705 4238 retulit,
1715 4170 1761 4226 in·

88 4257 147 4314 rius
157 4261 194 4316 ob
210 4259 366 4332 perfidiam
381 4260 418 4315 eb
434 4261 497 4332 ipso
512 4277 580 4334 rege
592 4261 715 4317 interfici
730 4263 825 4334 jussus
840 4261 896 4332 sit,
948 4259 1053 4315 vadere
1069 4259 1146 4316 nisus
1156 4261 1209 4327 est,
1227 4261 1258 4314 ut
1272 4257 1362 4332 copiis
1376 4257 1516 4314 frumenti
1531 4274 1563 4313 ac
1579 4257 1648 4328 vini,
1666 4275 1763 4332 quase

88 4347 232 4422 rebusque
254 4349 317 4420 ejus
333 4349 467 4405 omnibus
482 4349 653 4418 confiscatis,
669 4349 739 4405 illud
754 4349 898 4422 predium
949 4346 1218 4420 circumjacentibus
1227 4345 1449 4403 incolisinibiob
1457 4350 1763 4404 tutamensanctorum

90 4435 126 4490 ab
139 4437 243 4493 eodem
259 4437 400 4510 principe,
415 4440 514 4493 sancto
529 4440 573 4494 est
584 4437 738 4494 benedicto
749 4439 897 4494 collatum.
949 4437 1079 4493 locorum
1089 4438 1248 4510 aggregata
1256 4438 1340 4492 erant
1358 4453 1485 4510 pervasae
1496 4435 1759 4511 Bruccioeiuopiam

91 4523 186 4580 Ethoc
198 4529 243 4580 est
259 4525 337 4598 quod
348 4525 377 4580 iu
393 4526 520 4599 quedam
537 4527 847 4599 sententiaprimilibri
860 4528 900 4583 le·
911 4507 938 4566 Ῑ)
949 4527 1124 4592 sublevaret,
1145 4541 1176 4581 re
1201 4527 1300 4581 antem
1312 4541 1381 4581 vora
1397 4527 1428 4582 ut
1453 4523 1629 4582 arctissimos
1650 4542 1762 4601 posses·

92 4611 164 4682 gitur
175 4613 226 4686 (V.
242 4613 426 4684 Andreuotd,
443 4631 508 4687 cap,
525 4615 568 4685 33)
597 4615 817 4688 Caputcervium
827 4615 899 4672 libe·
953 4615 1041 4672 sionis
1052 4633 1110 4671 suae
1123 4615 1195 4672 lines
1209 4614 1364 4686 ampliaret
1376 4631 1496 4690 operam
1517 4615 1615 4672 dubet.

90 4703 201 4759 ralitate
217 4703 501 4775 segial'loriacenscs
517 4705 711 4778 promeruisse
728 4705 900 4761 iratres.Po-
989 4707 1032 4760 lt.
1050 4704 1170 4760 Interim
1188 4704 1358 4776 prepositus
1381 4703 1437 4759 loci
1447 4703 1603 4777 jamdictus
1616 4703 1761 4775 otherius,

93 4793 146 4846 luit
160 4797 261 4848 tamen
275 4791 338 4848 lieri
354 4797 385 4848 ut
400 4792 642 4868 posthaucquam
658 4809 735 4848 nunc
748 4793 901 4850 retulimus
951 4795 1040 4850 tantae
1064 4793 1238 4850 calamitatis
1258 4795 1375 4864 accepto
1398 4791 1512 4861 nuntio,
1540 4793 1640 4851 dolore
1664 4793 1761 4850 cordis

92 4878 293 4949 donationem,
308 4879 508 4950 ipseOtberius
518 4882 594 4954 apud
604 4897 706 4954 regem
722 4881 899 4938 infidelitatis
951 4883 1044 4939 tactus
1058 4881 1560 4954 intrinsecusquodcommendatum
1571 4880 1624 4938 sibi
1638 4898 1655 4937 a
1669 4897 1756 4940 veno·

93 4963 603 5040 insimulatusjubereturinterficiet
617 4969 698 5044 quasi
708 4986 800 5026 essue
816 4975 898 5044 purte
950 4971 1035 5026 rabili
1048 4970 1151 5027 mbate
1161 4970 1592 5026 Abbonetuucl'loriaceusium
1606 4975 1720 5028 rectore
1733 4973 1764 5027 et

93 5057 420 5114 eamdemvillamidem
433 5058 741 5115 rexnostroconierret
753 5059 897 5116 caenobio.
949 5058 1192 5115 tratribuslocum
1207 5057 1338 5114 funditus
1352 5057 1479 5114 ambesa
1494 5058 1652 5130 videretur,
1668 5057 1698 5114 in
1714 5058 1758 5114 di·

129 5179 183 5308 (35)
204 5181 286 5237 ltitus
300 5180 476 5237 investitura
491 5199 541 5237 seu
565 5180 730 5237 traditionis
745 5198 798 5253 per
821 5199 898 5238 van·
985 5180 1041 5254 (38)
1056 5181 1158 5238 Brocr'u
1173 5188 1293 5239 custrnrn
1305 5183 1425 5236 vocatur
1442 5180 1478 5236 ab
1493 5181 1639 5238 ademaro
1654 5194 1758 5235 mone·

105 5247 161 5316 lsai
190 5252 540 5333 estcbirothecaspassiru
551 5251 655 5334 obvius.
663 5251 740 5332 apud
755 5255 897 5336 auctores.
950 5251 1361 5334 choiutomollbibliotbeone
1370 5249 1761 5333 babbeauaembiejusesstri

129 5325 185 5392 (36)
202 5323 521 5378 lslilrusernttllodover
539 5321 667 5386 secundi,
684 5339 764 5393 quus
790 5339 898 5396 prirnor-
951 5323 1075 5380 obsessio
1088 5323 1335 5392 describitur‚non
1346 5323 1412 5392 alre,
1423 5323 1585 5391 utvvdetur,
1617 5337 1685 5402 uam
1695 5324 1760 5390 reta,

106 5397 158 5504 ¹latu
181 5393 258 5472 iacta
273 5397 316 5449 est
330 5393 478 5450 translatio
504 5393 632 5464 corporis
652 5394 741 5449 sancti
753 5394 900 5452 Benedicti
950 5393 1579 5475 mmetsinonperddemarumsolntaiuisse
1620 5391 1757 5474 citur,eed

113 5465 298 5615 qqqgrqqqhe
312 5534 452 5602 liutharii,
473 5551 567 5608 neque
582 5533 698 5616 otherii·
713 5536 772 5591 nlla
792 5535 901 5618 mentio
952 5464 1759 5618 [ggakfflgffiipliibmff’cigssiladeslvlrwrrgalirtgffgnffigg

103 5607 142 5686 tet.¹
156 5622 181 5660 sn
199 5621 257 5660 uon
269 5605 364 5674 fallor,
385 5607 461 5678 apud
475 5611 584 5662 veteres
610 5606 726 5664 llrtorrae
759 5607 901 5664 Francicus
953 5607 1443 5689 Brousre,adgacetcastroSalensr,
1476 5621 1567 5676 equo
1582 5604 1667 5660 rutra.
1711 5671 1716 5684 .

101 5678 258 5746 urvptores.
988 5676 1456 5804 (stltllswdlelmusiersbraclna
1470 5675 1574 5746 metus,
1588 5689 1757 5744 eonornsqe

953 5764 1025 5821 quar
1039 5765 1082 5807 us.
