4006 6178
267 289 280 324 1

205 413 236 474 it
520 416 733 476 SlLlliiSTlllll
753 414 856 476 PAPAE
875 416 954 475 OPP.
974 415 1064 475 PARS
1082 418 1105 475 l.
1123 445 1160 462 -
1177 415 1223 474 DE
1246 415 1392 486 bisulca,
1411 417 1562 476 mrsu.
1831 423 1867 480 aa

240 539 342 596 Passus
355 540 473 596 centum
487 540 516 595 et
538 534 638 610 viginti
663 536 791 611 quinque
811 537 936 594 stadium
954 537 1004 593 ab·
1017 541 1045 604 A
1059 537 1096 595 sis
1108 537 1218 595 eisdem
1234 535 1347 605 stadiis;
1362 535 1498 594 milliaria
1511 535 1732 609 trigintaunum
1746 539 1854 616 atquin

204 628 330 686 solvunt.
1055 630 1144 701 genta
1159 642 1166 682 ι
1181 642 1233 699 per
1246 625 1457 699 quinquaginta
1467 625 1497 682 iii
1514 625 1609 683 divisis
1619 626 1729 684 eisdem
1745 629 1855 688 stadiis.

242 715 341 772 Stadia
359 718 424 773 octo
439 714 606 772 milliarium
615 719 765 789 praestant.
1059 720 1161 774 Passus
1174 714 1271 772 tricies
1285 717 1315 769 et
1330 715 1430 782 semel,
1445 714 1526 770 inille
1541 713 1632 770 millia
1646 719 1675 771 et
1684 716 1869 790 quingentos

240 804 314 862 aitte
327 819 438 878 passus,
452 802 483 860 id
497 807 540 860 est
555 803 724 860 milliarium
735 809 765 860 et
780 802 1011 872 dimidium,leu·
1060 805 1148 880 pedes
1159 803 1278 876 (centies
1289 802 1374 859 vicies
1389 806 1418 858 et
1431 801 1593 876 quinquies,
1603 803 1800 877 multiplicatis
1810 806 1867 863 eis·

205 910 270 952 cam
283 893 404 962 iaciunt,
414 893 572 949 habentem
582 908 681 964 passus
691 893 771 949 mille
781 895 811 948 et
821 893 1006 967 quingentos.
1062 893 1130 950 dem
1142 891 1266 962 stadiis);
1281 891 1391 948 centies
1408 890 1598 964 quinquagies
1616 893 1646 946 et
1660 892 1765 965 septies
1785 893 1866 950 milla

241 983 407 1055 buaeleugae
415 979 726 1050 ¹⁷,sivemilliariatria
744 983 852 1038 restam
871 980 1009 1040 alliciunt.
1062 981 1211 1054 (passibus)
1231 980 1322 1037 millia
1343 983 1373 1036 et
1391 981 1566 1053 quingentas
1580 979 1679 1035 uncias
1702 979 1869 1056 (quinquies

243 1070 367 1138 Quidam
379 1071 503 1138 leucam,
520 1086 574 1142 pro
589 1069 673 1126 leuva
686 1071 799 1143 legunt.
1064 1069 1270 1146 multiplicatis)
1282 1070 1387 1126 millies
1400 1067 1592 1141 octingenties
1607 1068 1746 1141 (pedibus,
1770 1086 1867 1127 noria-

240 1157 373 1216 Ambitus
384 1157 474 1215 totius
489 1159 576 1216 terrac
587 1158 781 1215 ducentorum
802 1157 1015 1232 quinquaginta
1065 1159 1127 1234 gies
1152 1159 1231 1216 mille
1260 1159 1353 1216 millia
1376 1157 1540 1226 (duodecies
1563 1156 1772 1231 multiplicatis)
1787 1158 1868 1215 mille

206 1247 331 1306 duorum
346 1246 469 1304 millium
478 1247 639 1305 stadiorum
654 1248 822 1317 absolvitur,
830 1265 895 1324 quae
903 1248 1015 1308 iaciunt
1066 1249 1168 1306 millia.
1184 1248 1294 1322 Digitus
1308 1247 1436 1321 quinque
1451 1246 1552 1316 millia,
1568 1245 1737 1303 sexcenties
1752 1250 1867 1321 septua-

204 1339 452 1396 leuvasGallorum
464 1337 771 1412 vigintietnnam,por
781 1338 935 1396 duodecim
942 1338 1015 1395 divi·
1067 1337 1160 1411 gesies
1173 1341 1204 1393 et
1222 1335 1866 1412 unuinmille3nncicepertrasmultiplicatie.

243 1470 267 1506 ¹¹
282 1462 369 1532 Edit,
382 1462 475 1520 aava.
1104 1461 1226 1536 Reliqua
1239 1463 1344 1520 desunt
1355 1461 1385 1518 in
1399 1477 1455 1519 ms.

530 1722 612 1863 R.
648 1722 727 1863 P.
775 1720 1258 1865 BERNARDI
1301 1719 1546 1863 ΡΕΖΙΙ

433 1969 496 2060 ΙΝ
528 1965 881 2060 OPUSCULUM
913 1965 1288 2070 SUBSEQUENS
1317 1966 1642 2058 ADMONITIO

583 2171 749 2244 (Thesaurus
760 2169 957 2230 Anccdotorum
979 2171 1148 2240 conminus,
1164 2170 1279 2228 Prasiai.
1302 2169 1339 2228 ad
1351 2172 1415 2228 tom
1439 2167 1499 2246 111.)

249 2369 438 2438 Gerbertum,
454 2371 556 2441 postea
573 2368 749 2450 sylvestrum
776 2384 818 2450 eo·
835 2365 954 2425 nomine
974 2368 1145 2450 secuudum,
1173 2384 1232 2424 non
1254 2368 1347 2424 solum
1364 2367 1531 2450 theologicis
1544 2370 1574 2425 et
1588 2367 1804 2442 philosophicis,
1816 2369 1871 2426 aed

213 2439 303 2498 etiam
316 2439 533 2497 mathematicis
542 2439 700 2511 disciplinis
716 2439 941 2495 excultissimum
957 2440 1054 2508 inisse,
1073 2443 1136 2495 tuin
1152 2444 1262 2496 veteres
1280 2444 1343 2495 tum
1363 2443 1539 2496 recentiores
1560 2439 1715 2511 scriptores
1727 2441 1847 2496 tradunt
1864 2456 1872 2495 :

213 2515 313 2586 estque
323 2515 459 2594 constans
469 2511 546 2585 apud
559 2510 635 2566 viros
649 2509 946 2593 eruditosflse'nteutia,
962 2510 1128 2593 ideo'unice.
1141 2511 1217 2583 apud
1229 2511 1369 2593 quosdam
1384 2510 1555 2592 Gerbortum
1566 2511 1596 2566 iii
1613 2511 1717 2583 magia
1728 2511 1870 2584 suspicio·

213 2581 1574 2710 labituritlllilbltmsltblitillblbihlalltatblthtllllil.l
1583 2597 1726 2709 stlta
1740 2585 1878 2710 istit

214 2671 265 2794 an,
278 2740 441 2780 successore
453 2723 600 2793 Sylvestri,
613 2723 862 2791 conditum,stab
883 2725 1038 2796 anonymo
1058 2723 1217 2792 zwetlensi,
1240 2726 1312 2778 torn.
1335 2725 1357 2792 l,
1376 2739 1405 2797 p.
1422 2739 1464 2792 iii,
1484 2669 1514 2779 ilii
1531 2669 1655 2779 iiiitori’a
1676 2669 1880 2780 Romanorffm

214 2795 386 2923 pontificum
406 2796 498 2851 multo
511 2793 693 2851 emendatius
708 2795 831 2851 rolatum
844 2811 933 2921 quain
948 2793 1025 2866 apud
1034 2794 1190 2850 Bacchium
1199 2797 1228 2850 et
1242 2793 1471 2876 Papebrocliiuni
1481 2795 1581 2850 exstet.
1594 2796 1683 2851 Porro
1690 2811 1779 2868 quam
1796 2798 1880 2852 certa
2001 2831 2002 2834 =

237 2869 355 2924 actenus
364 2865 493 2924 Gerberti
506 2867 568 2922 laus
582 2866 613 2921 iu
629 2865 842 2921 mathematicis
868 2864 920 2933 uit,
936 2868 996 2921 tarn
1011 2881 1103 2939 pauca
1117 2865 1179 2921 e'ua
1191 2864 1234 2922 rei
1244 2865 1404 2937 specimina
1416 2865 1445 2920 iii
1461 2866 1555 2921 lucem
1570 2866 1683 2938 prolata
1696 2868 1772 2922 sunt.
1788 2865 1882 2927 ,Solus
2001 2907 2002 2914 ι

216 2937 397 2995 llabillonius
412 2940 484 2993 toni.
500 2937 524 2993 ll
535 2938 753 3004 analectorum,
767 2951 834 3009 pag.
851 2941 914 3000 m,
931 2935 1055 2994 derbem
1069 2937 1130 2994 sclua
1141 2937 1219 2992 ortui
1235 2935 1369 3008 epistotam
1393 2936 1429 2992 ud
1441 2935 1653 2993 Constantinum
1667 2937 1827 2993 imberbum
1844 2937 1882 2992 dc

218 3009 338 3092 sphera
351 3009 547 3066 constructione
560 3007 725 3081 publicavit,
742 3023 829 3081 quam
854 3023 914 3064 cur.
934 3006 1007 3063 Guil.
1029 3007 1102 3064 Cave
1121 3023 1154 3064 ac
1171 3023 1237 3063 eum
1252 3009 1365 3062 secutus
1377 3007 1408 3064 G.
1425 3006 1555 3065 Olearius
1568 3008 1678 3064 tom.ll
1694 3008 1881 3065 Bibliothecae

218 3079 460 3208 Ξὲξιιξῐῑιὶῗιξιοιξῗᾶ
470 3096 624 3206 laudatam
638 3149 769 3231 Gerberti
785 3149 936 3222 epistolam
951 3153 1052 3206 monet
1065 3149 1194 3222 ejusdem
1211 3147 1393 3205 Geovnctriom
1407 3155 1432 3231 qt
1443 3149 1715 3231 Rhytimomoclu'om
1730 3149 1759 3206 in
1772 3149 1881 3206 biblio·

217 3221 309 3278 tbecoe
323 3220 468 3278 Thuaneae
481 3237 536 3277 ms.
549 3221 659 3287 codice,
674 3222 788 3291 signato
799 3237 880 3276 num.
898 3223 960 3288 28³,
976 3223 1098 3288 exstare,
1114 3220 1191 3276 undo
1205 3220 1295 3276 codex
1307 3219 1337 3274 in
1352 3221 1558 3277 bibbotbecam
1582 3221 1780 3276 Colbertinam
1799 3235 1883 3276 oom-

215 3291 754 3420 vmiiavtuiuutvuuv
768 3289 1752 3435 breviatimmetuamusisimahel
1768 3290 1882 3434 Bith

215 3449 286 3488 anno
301 3437 370 3488 toth
381 3433 478 3503 v'n-sol.
496 3435 685 3488 cremosino
699 3431 766 3488 duce
780 3431 961 3488 Bruewiccvuv'
974 3403 1220 3503 etlur'vcturgcvus',
1234 3433 1284 3487 sub
1293 3434 1400 3488 nomba
1414 3431 1530 3489 Gustum
1537 3431 1707 3505 solentque
1720 3403 1799 3489 editio
1810 3448 1883 3490 rura

214 3503 293 3561 lodie
306 3503 448 3559 habeatur.
469 3503 576 3560 Caseus
591 3503 667 3559 ilist.
685 3503 751 3558 Litt.
796 3519 843 3585 ag.
862 3507 926 3570 sta,
947 3503 1017 3558 edit.
1041 3503 1159 3570 Gener..
1174 3502 1305 3558 Gerberti
1326 3503 1362 3558 de
1379 3503 1546 3559 Geometria
1560 3503 1668 3560 librum
1689 3520 1745 3561 ms.
1762 3502 1832 3560 olim
1847 3502 1883 3560 in

214 3574 391 3631 bibliotheca
405 3590 522 3648 quoque
536 3574 712 3656 Farnesiana
726 3520 866 3656 exilitisse
880 3577 1103 3656 commemorat.
1119 3574 1215 3629 Alium
1231 3590 1285 3656 ⁰⁰⁵.
1299 3590 1424 3700 eumque
1438 3576 1644 3656 sexcentorum·
1659 3573 1773 3656 circiter
1787 3590 1882 3656 anuo·

88 3670 92 3676 ·
215 3661 282 3702 rom
298 3660 388 3701 mann
400 3649 550 3702 exaratum
566 3645 706 3701 codicem.
723 3644 854 3700 Gerberti
869 3644 1065 3700 Geometriam
1080 3645 1263 3717 complexum
1278 3662 1307 3699 in
1321 3645 1370 3701 bib
1383 3646 1496 3700 iotbeca
1517 3647 1646 3701 Patrensi
1660 3645 1817 3717 Salisburgi
1830 3661 1880 3701 re·

235 3715 354 3783 erimus,
371 3716 448 3772 unde
463 3715 584 3772 domum
600 3716 722 3772 revomis
743 3715 999 3772 reverendissimus
1018 3719 1047 3771 et
1062 3715 1231 3786 perillustris
1252 3715 1387 3772 dominus
1404 3715 1588 3772 celeberrimi
1604 3715 1748 3771 Patrensis
1762 3732 1883 3772 monas-

214 3733 280 3844 ferii
295 3786 394 3855 abbas,
407 3786 549 3855 Placidus,
560 3786 697 3844 eumdem
710 3785 917 3859 benignissime
929 3785 1249 3842 communicantium
1263 3786 1361 3842 codice
1376 3790 1487 3843 textum
1500 3786 1642 3854 Gerberti,
1660 3786 1881 3858 nullacapitum

214 3857 356 3914 divisione
371 3857 526 3931 insignem.
543 3857 650 3941 passim
666 3856 805 3930 anonymi
821 3858 928 3914 notuloe
941 3855 971 3911 in
987 3856 1120 3939 margine
1136 3857 1360 3924 comitabantur,
1373 3875 1408 3913 ex
1426 3858 1530 3930 quibus
1543 3873 1592 3914 eas
1605 3857 1746 3914 duntaxat
1761 3857 1799 3913 ad
1812 3857 1879 3914 edi·

213 3929 326 3985 tionem
341 3932 472 3986 nostram
487 3929 673 3985 adhibuimus
693 3944 757 4000 quse
773 3928 890 3984 vetustis
916 3931 1159 4010 geometricorum
1185 3944 1388 3984 mensurarum
1414 3929 1500 3994 uotis,
1529 3930 1635 3985 nostrae
1653 3927 1746 3984 utatis
1760 3927 1881 4054 penitus

213 3999 222 4056 i
245 4000 320 4057 notis
330 4003 361 4056 ot
379 3999 518 4073 singulari
533 4015 612 4068 cura,
629 4003 660 4055 ut
675 3999 704 4054 in
719 3998 818 4054 codice
833 3999 983 4071 descripta
998 4001 1094 4068 eraut,
1109 3999 1155 4055 bia
1171 3997 1200 4054 in
1212 3999 1291 4071 ligno
1305 3999 1411 4069 incisis,
1426 3999 1554 4072 aliquam
1567 4001 1662 4055 lucem
1677 3997 1758 4054 couci
1772 3998 1879 4056 iareut.

237 4075 358 4128 aeterum
370 4073 464 4128 textus
475 4087 533 4128 non
550 4087 607 4127 uno
624 4070 688 4126 loco
710 4085 794 4124 eorm
816 4072 935 4137 tuaest,
954 4086 1008 4125 nec
1028 4070 1176 4125 schemata
1198 4069 1376 4142 geometrica
1397 4070 1446 4126 ubi
1469 4087 1505 4126 ue
1519 4069 1589 4126 satis
1608 4073 1717 4126 exacta.
1733 4069 1843 4126 Verum
1860 4087 1881 4126 a

215 4142 322 4224 codicis
338 4142 429 4199 nostri
439 4140 743 4223 ildenrecedereneias
757 4085 842 4196 nolis
854 4157 914 4196 esse
925 4140 1068 4222 duximus.
1081 4140 1246 4223 liestitnaut
1259 4141 1336 4196 male
1349 4088 1540 4224 affectassoqa,
1556 4141 1661 4214 quibus
1676 4140 1880 4224 colbertinum

215 4214 345 4294 aliosque
361 4216 575 4284 manuscriptos
591 4212 706 4269 codices
717 4210 836 4266 fortuna
849 4211 996 4267 obtulerit.
1012 4212 1132 4266 interim
1146 4212 1190 4266 vel
1212 4227 1245 4266 ex
1265 4210 1320 4267 hoc
1338 4211 1467 4269 Gerberti
1491 4213 1565 4268 libro
1581 4211 1617 4268 de
1631 4212 1797 4270 Geometria
1809 4222 1880 4268 satis

214 4282 339 4355 intelligi
350 4287 447 4357 potest
462 4283 626 4357 disciplinas
643 4281 863 4338 mathematicas
876 4282 1004 4354 aliasque
1019 4282 1151 4354 egregias
1167 4284 1243 4363 artes
1253 4283 1356 4338 saeculo
1371 4298 1388 4337 x
1402 4298 1588 4408 naquaquam
1604 4283 1678 4340 adeo
1692 4283 1829 4356 jacuisse,
1844 4285 1881 4338 ut

214 4353 336 4426 quidam
354 4353 530 4410 recentiores
542 4354 696 4428 scriptores
707 4353 863 4410 linxerunt.
881 4353 965 4409 Forte
976 4369 1036 4408 non
1052 4352 1125 4408 adeo
1145 4353 1228 4408 multi
1244 4353 1288 4408 vel
1299 4356 1398 4408 nostro
1408 4368 1446 4425 po
1459 4353 1581 4410 itissimo
1591 4355 1695 4410 soemo
1706 4354 1741 4410 de
1757 4355 1881 4410 Geome-

490 3095 536 3152 ag.
550 3082 612 3148 tet,
629 3095 695 3135 cuni
709 3077 878 3135 brevissima
891 3077 939 3148 sit,
953 3079 1052 3135 tibrum
1071 3078 1104 3135 dc
1125 3077 1236 3151 Sphoro
1249 3081 1363 3146 vocent,
1379 3079 1459 3134 nulla
1476 3077 1550 3135 ratio
1575 3082 1628 3136 est.
1652 3077 1832 3136 liabillonius
1844 3078 1880 3136 in

214 4423 271 4481 tria
283 4423 428 4482 Garberto
440 4419 611 4552 elegantius,
624 4424 737 4482 brevius
753 4426 783 4480 et
797 4423 925 4496 apertius
946 4421 1137 4481 commentati
1152 4425 1219 4478 sunt
1248 4422 1305 4479 Sed
1318 4423 1401 4482 nobis
1414 4424 1650 4496 comparationes
1665 4427 1833 4498 temporum
1846 4428 1881 4481 et

215 4495 371 4553 hominurn
381 4495 428 4552 bic
443 4496 489 4552 ins
504 4495 594 4552 'tuere
607 4495 789 4569 propositum
805 4509 865 4552 non
881 4497 934 4550 eat.

334 4701 544 4842 lNllPll
597 4701 886 4841 Pttttttt
935 4701 993 4840 lll
1045 4669 1406 4841 titillabit
1455 4701 1748 4842 tlttltll.

391 4897 488 4972 (Apud
503 4897 537 4956 ll.
560 4899 592 4958 P.
607 4898 787 4956 Beruamum
802 4897 930 4970 Parium,
948 4897 1026 4956 rte.
1041 4898 1146 4958 Asecd.
1160 4901 1270 4964 nacha,
1283 4901 1357 4959 tom.
1373 4900 1419 4971 lll,
1430 4904 1506 4974 part.
1523 4915 1553 4968 u,
1574 4915 1644 4973 pag.
1659 4902 1701 4974 b.)

251 5125 282 5181 lii
296 5128 421 5200 quatuor
436 5128 600 5186 matheseos
615 5127 718 5186 ordine
733 5125 952 5202 disciplinarum
966 5131 1020 5185 ter·
1030 5132 1128 5203 Btnr.
1149 5131 1216 5187 ilaec
1230 5145 1297 5188 vcro
1311 5129 1471 5203 disciplina,
1488 5129 1520 5187 ut
1532 5127 1712 5206 simplicibus
1726 5130 1841 5203 loquar,
1860 5143 1883 5185 a

216 5211 557 5288 tiumpostarithmeticaa
564 5216 899 5290 musicaeqnetractatum
906 5231 1023 5290 geome-
1072 5221 1157 5276 terra
1177 5234 1315 5276 mensura
1332 5219 1463 5276 Graecum
1475 5234 1584 5276 nomon
1600 5217 1723 5293 accipit:
1737 5221 1770 5292 γῇ
1785 5216 1887 5290 anim,

195 5359 199 5368 ,
216 5301 290 5360 trica
310 5305 467 5379 speculatio
490 5306 664 5363 naturaliter
676 5305 790 5363 obtinet
808 5306 915 5362 locum.
938 5305 1023 5378 Cauiis
1072 5308 1170 5370 Graeca
1183 5308 1295 5383 lingua,
1311 5315 1394 5376 terro,
1410 5309 1500 5382 pirgos
1515 5323 1641 5366 manauco
1655 5306 1770 5364 dicitur.

216 5391 349 5450 videlicet
357 5394 467 5452 ordinis
474 5394 665 5470 ratio‚quiain
672 5395 740 5468 ipsis
747 5394 1025 5454 arithmeticaeinsti·
1108 5398 1204 5472 liujus
1222 5399 1388 5455 inventores
1403 5397 1490 5472 primi
1506 5396 1661 5454 traduntur
1678 5394 1816 5470 AEgyptii,
1828 5395 1890 5470 qui

216 5482 337 5540 tutionis
347 5483 525 5558 principiisa
541 5482 744 5556 doctissimoet
754 5483 943 5541 disertissimo
950 5485 1022 5542 libe·
1072 5488 1192 5560 propter
1206 5485 1403 5545 sithominis
1422 5485 1598 5556 eluvionem,
1613 5500 1753 5559 agrorum
1772 5481 1891 5542 amites

217 5571 323 5630 ratium
334 5573 441 5630 artium
457 5574 612 5629 tractatore
627 5571 726 5630 Boetio
740 5573 809 5630 satia
819 5572 965 5632 luculenta
975 5574 1025 5632 da·
1073 5575 1264 5633 inundatione
1277 5571 1889 5648 suisccpiusconlundentie,talissolertiam

217 5662 276 5730 tur,
287 5677 305 5719 a
316 5659 423 5720 nostris
435 5660 539 5719 melius
552 5660 697 5727 fatuitate,
710 5663 812 5736 utpote
825 5665 905 5733 nota,
920 5663 1023 5721 retice·
1074 5664 1143 5722 artis
1158 5663 1368 5738 excogitavere,
1382 5662 1462 5737 cujus
1477 5661 1684 5721 exercitatione
1699 5661 1741 5720 sui
1757 5661 1891 5737 quisque
