3952 6176
276 449 328 511 cll
828 455 962 518 diuortii
975 455 1131 518 Boulclll
1145 459 1395 526 ruoarlcavvsm
1845 479 1884 544 itt

274 590 323 641 no,
340 570 409 629 acin
423 576 590 634 sanctorum
600 576 663 651 ejus
677 577 799 650 meritis,
809 583 837 638 te
852 598 906 637 nec
920 580 1246 656 istaimpleAsignum
1270 587 1328 657 die,
1341 588 1427 646 tertio
1448 587 1580 648 videlicet
1603 591 1732 654 finiendas
1756 596 1828 670 iunii,
1844 605 1886 662 clia

273 664 380 730 turum,
398 681 450 720 nec
461 665 649 724 constitutum
666 672 726 726 ate
741 670 902 726 terminum
925 673 1017 728 temet
1040 669 1081 727 vi·
1132 671 1204 729 inihi
1217 674 1340 734 deductu
1354 682 1396 735 est
1415 679 1529 738 mulier.
1545 680 1614 737 Huic
1640 683 1782 743 Alexandra
1801 707 1885 752 nomen

272 752 366 807 vendo
380 771 572 811 excessurum.
596 757 654 815 lloc
671 759 778 815 dictum
794 758 836 816 rei
854 759 958 816 veritas
983 760 1081 816 subse·
1132 764 1204 830 erat,
1219 779 1282 836 qum
1295 768 1463 836 gestatorio,
1479 785 1536 841 qno
1552 770 1656 842 lapides
1678 773 1739 829 ferri
1751 791 1804 834 mos
1822 783 1888 848 esta

270 844 336 896 cute
351 845 403 897 cst.
414 844 542 917 Denique
551 847 690 918 praedicto
702 848 927 920 virovencrahili
940 849 1080 906 lietberto
1132 850 1243 908 duobus
1253 852 1320 909 viris
1330 854 1459 924 advecta,
1471 857 1501 912 in
1515 857 1657 916 basilicam
1669 877 1696 916 se
1719 862 1838 921 introduci
1854 885 1887 924 re

270 930 307 985 ad
321 933 529 988 monasterium
539 952 680 1008 regresso,
690 939 847 1010 antequam
857 935 1001 1010 praefinita
1010 952 1082 1009 pra·
1131 939 1218 1012 gavit.
1236 941 1345 1006 Quoein
1365 945 1469 1001 eodem
1493 963 1550 1019 quo
1565 950 1594 1003 et
1616 947 1691 1020 prior
1713 954 1795 1007 erecta
1815 953 1888 1010 tuerat

269 1019 477 1090 teriissetdies,
494 1024 630 1095 praefatus
658 1026 819 1083 Bernardus
847 1026 883 1081 ab
914 1024 998 1082 obvio
1027 1024 1079 1080 sihi
1130 1030 1256 1097 loco,ad
1277 1035 1439 1091 orationem
1461 1053 1491 1092 se
1514 1036 1663 1107 inclinans,
1691 1044 1749 1112 post
1771 1042 1886 1100 modicum

266 1116 348 1171 hoste
366 1118 533 1192 praescripto
547 1121 686 1179 Letheldo
701 1122 801 1178 lancea
816 1122 944 1179 confixus
959 1121 1080 1188 interiit,
1129 1118 1310 1190 pedetentim
1322 1122 1434 1194 erigere
1448 1141 1509 1180 sese
1519 1126 1615 1198 erepit.
1631 1127 1711 1200 Cnjus
1723 1132 1838 1186 conatum
1847 1130 1888 1188 ira·

267 1205 412 1262 subiturus
427 1224 480 1279 pro
495 1213 574 1265 certo
589 1209 660 1265 illud
677 1211 822 1268 diutinum
833 1228 901 1268 cnm
914 1212 981 1284 igne
991 1195 1081 1266 certa·
1130 1210 1198 1276 tres,
1212 1208 1261 1280 qui
1274 1209 1310 1266 ad
1325 1213 1385 1266 tam
1394 1211 1562 1270 mirandum
1577 1219 1760 1272 convenerant
1772 1220 1887 1289 spectacu-

266 1311 346 1364 mcn,
371 1299 449 1369 quod
470 1298 541 1354 falso
567 1300 716 1371 juraverat
744 1319 773 1358 se
800 1303 899 1358 sancto
924 1299 1079 1357 Benedicta
1129 1297 1202 1364 lum,
1215 1297 1315 1368 juvare
1330 1299 1488 1373 cupientes,
1508 1301 1585 1358 inter
1599 1305 1888 1362 manusoamelemndo

267 1383 347 1441 brevi
356 1389 488 1460 tempore
502 1387 660 1444 illaturum.
1128 1385 1337 1444 sustentabant.
1352 1390 1415 1460 lpsa
1422 1405 1537 1461 quoque
1545 1389 1620 1446 cirea
1627 1391 1725 1448 horam
1735 1392 1784 1448 diei
1790 1393 1888 1460 tertiam,

303 1475 348 1528 38.
378 1474 559 1546 adjiciantur
573 1475 639 1533 huic
654 1477 787 1534 vindictae
803 1477 938 1552 prodigio
954 1480 1078 1550 quatuor
1127 1477 1334 1547 inquadelata
1362 1477 1465 1546 fuerat,
1488 1479 1581 1552 plena
1609 1481 1711 1538 donata
1732 1480 1840 1548 sanitati,
1852 1498 1890 1554 per

269 1562 426 1620 sanitatum
454 1564 579 1638 insignia
592 1565 703 1622 duabus
716 1570 831 1623 tantum
854 1567 974 1624 feminei
994 1584 1077 1623 senus
1127 1561 1237 1636 aliquot
1252 1581 1367 1621 menses
1378 1566 1407 1621 in
1425 1566 1538 1624 servitio
1554 1568 1676 1625 ecclesia
1690 1569 1837 1639 permansit.

263 1652 551 1723 personis,aGhristo
561 1654 665 1710 collata
677 1655 706 1712 in
717 1656 822 1712 eodem
838 1654 1015 1712 monasterio
1025 1657 1076 1712 l’a·
1162 1652 1472 1710 fuscatumsuum
1488 1656 1575 1728 etque
1590 1656 1761 1728 impetratae
1770 1657 1823 1728 jam
1833 1656 1889 1713 dioto

264 1739 379 1798 triciaco
395 1743 563 1814 permerito
577 1746 684 1800 sancta
699 1761 757 1800 suae
770 1743 964 1800 Genitricisac
976 1743 1074 1816 inclyti
1125 1737 1186 1809 ejus
1202 1739 1257 1798 loci
1269 1741 1424 1814 preposito
1440 1742 1580 1800 lietberto
1594 1743 1706 1800 licentia
1728 1743 1848 1802 redeundi
1863 1745 1890 1799 ad

262 1829 434 1886 contessoris
448 1831 605 1900 Benedicti,
620 1831 814 1906 aliorumque,
829 1848 954 1906 qnorum
969 1831 1008 1888 ihi
1021 1832 1075 1888 ha·
1124 1842 1186 1896 sua,
1199 1829 1327 1900 pollicita
1341 1833 1384 1885 est
1399 1847 1428 1886 se
1441 1830 1478 1886 ad
1490 1831 1658 1890 inchoatum
1671 1848 1832 1890 reversurum
1843 1848 1890 1888 sau

260 1919 367 1973 beatur
378 1919 548 1992 patronicia,
561 1923 739 1978 sanctorum.
1087 1888 1225 1972 Bctuarii
1240 1916 1411 1992 obsequium
1428 1937 1436 1988 ;
1455 1921 1506 1977 sod
1522 1921 1594 1978 dnm
1606 1937 1701 1978 moras
1715 1921 1748 1978 ad
1758 1921 1890 1996 regredien-

576 2009 688 2067 CAPUT
700 2010 779 2066 xvii.
1122 2005 1192 2061 dum
1215 2005 1387 2076 innecteret,
1417 2009 1573 2081 pristinum
1599 2011 1764 2084 languorem
1788 2009 1890 2066 ineurn't

470 2095 565 2155 Multa
580 2103 606 2154 et
622 2096 731 2156 Ofaudu
745 2102 872 2156 ruamur.
1119 2094 1327 2153 Verumtamen
1343 2097 1413 2152 dum
1435 2101 1580 2172 quareret
1603 2099 1652 2173 qni
1667 2115 1697 2155 se
1710 2099 1745 2156 ad
1757 2115 1808 2156 sue
1817 2097 1892 2154 salutis

294 2189 338 2243 Bt).
352 2184 451 2242 Mulier
467 2186 612 2258 quaedam,
623 2184 737 2241 Adelais
752 2186 902 2255 vocabulo,
918 2184 1025 2258 linguae
1036 2202 1069 2242 ac
1119 2192 1214 2246 locum
1227 2184 1410 2255 reveherent,
1426 2202 1477 2242 nec
1493 2186 1648 2256 inveniret,
1668 2186 1749 2260 cepit
1768 2184 1859 2242 anxiari
1870 2187 1892 2240 et

256 2276 365 2348 pedum
380 2273 492 2345 privata
506 2274 612 2341 officio,
627 2274 664 2329 ed
673 2278 867 2330 memoratum
881 2275 961 2331 venit
970 2291 1067 2331 coevro·
1118 2273 1223 2328 moesta
1235 2289 1307 2328 esse.
1322 2273 1452 2330 Tandem
1466 2274 1622 2332 necessitas
1642 2274 1787 2332 consilinm
1799 2271 1891 2346 reperit.

257 2364 338 2419 bium
351 2361 645 2436 manibusreptando.
655 2361 720 2417 lloec
735 2363 910 2433 praeforibus
919 2365 1065 2420 monaste·
1117 2363 1149 2415 ut
1163 2362 1222 2416 lieo
1234 2377 1267 2416 ac
1279 2365 1379 2418 sancto
1395 2362 1549 2419 Benedicta
1564 2363 1724 2432 voveret,si
1734 2364 1802 2419 salus
1813 2363 1892 2416 colata

257 2451 292 2507 rii
302 2468 354 2524 per
363 2451 575 2524 aliquantulum
591 2451 737 2506 decubans
747 2451 886 2522 temporis
898 2451 1035 2523 spatium,
1050 2469 1067 2508 a
1117 2449 1171 2506 sihi
1188 2450 1400 2519 restitueretur,
1416 2455 1448 2506 nt
1465 2452 1574 2523 adjam
1605 2452 1784 2509 nominatum
1808 2451 1891 2506 valeret

257 2541 393 2598 fratribus
406 2539 524 2613 quidem
540 2541 612 2594 nutu
622 2555 764 2594 manuum
779 2539 1065 2610 petebatvitoesubsi-
1116 2539 1231 2612 regredi
1246 2540 1465 2608 monasterinm,
1477 2558 1507 2596 se
1517 2540 1655 2615 deinceps
1665 2541 1731 2598 inde
1741 2554 1891 2614 nequaquan

258 2628 350 2698 dium,
362 2628 494 2684 asanctis
504 2629 602 2683 autem
615 2643 684 2683 voce
699 2627 794 2683 cordis
805 2628 965 2684 sanitatatis
985 2627 1066 2684 auxi·
1116 2643 1306 2684 recessuram.
1321 2628 1425 2686 Statim
1437 2628 1525 2701 igitur
1538 2632 1570 2685 nt
1581 2630 1637 2686 hoc
1647 2629 1732 2698 vovit,
1747 2627 1894 2686 firmissimas

253 2719 338 2774 lium.
365 2718 496 2783 Quadam
521 2716 617 2790 itaque
645 2715 703 2784 die,
727 2717 812 2771 tertia
835 2716 966 2772 videlicet
992 2716 1065 2772 feria
1113 2731 1143 2787 in
1157 2732 1190 2772 eo
1202 2734 1259 2789 quo
1274 2717 1417 2773 residebat
1430 2716 1493 2774 loco
1502 2718 1889 2778 ambulandiriresresuruens,

255 2811 322 2863 anic
344 2809 475 2862 sanctam
493 2806 693 2871 Pentecosten,
709 2804 789 2876 cujus
803 2803 866 2876 ipso
896 2821 973 2860 anno
1003 2805 1061 2879 (51)
1113 2805 1275 2878 postposite
1290 2805 1371 2861 omni
1392 2821 1540 2862 morarum
1557 2806 1721 2875 occasione,
1736 2805 1771 2862 ad
1783 2802 1892 2860 Patricia·

254 2894 392 2951 festivitas
413 2910 459 2950 xm
486 2892 629 2948 Kalendas
652 2891 728 2948 Junii
748 2893 854 2961 evcnit,
869 2894 989 2948 medere
1005 2911 1063 2950 suae
1113 2908 1179 2948 cum
1194 2893 1285 2949 sancti
1304 2894 1449 2950 Benedicti
1464 2894 1642 2962 caenobium,
1657 2895 1705 2951 uhi
1728 2895 1819 2950 sanata
1831 2889 1890 2964 prius

254 2985 357 3040 horam
369 2983 467 3039 adesse
476 2980 814 3054 persensit3veniensque
824 2984 891 3038 ante
901 2981 1062 3052 ecclesiam,
1113 2979 1217 3043 fuerat,
1233 2998 1347 3038 reversa
1357 2985 1409 3040 est.
1423 2982 1553 3055 Cumque
1561 2988 1669 3040 cuncte
1675 2999 1737 3056 qua
1745 2982 1814 3039 circu
1820 2979 1892 3052 ipsam

254 3071 368 3128 indiciis
383 3071 485 3144 quihus
495 3071 620 3141 poterat,
637 3069 742 3140 aperiri
752 3069 807 3126 sihi
818 3069 970 3126 introitum
979 3086 1064 3144 expo·
1114 3071 1177 3124 acta
1191 3069 1308 3125 fuerant
1332 3069 1469 3126 fratribus
1490 3072 1626 3140 referret,
1656 3071 1853 3144 sponderetque
1871 3079 1892 3118 se

255 3161 362 3216 scebat.
377 3160 440 3224 Quo
457 3157 613 3229 impetrato
625 3173 678 3228 per
690 3160 800 3214 terram
814 3175 844 3213 se
864 3159 982 3214 trahens
997 3175 1062 3215 ora·
1074 3165 1099 3228 c
1113 3157 1182 3214 inde
1197 3158 1321 3231 amplius
1333 3175 1393 3215 non
1407 3159 1609 3229 discessuram,
1624 3160 1813 3216 incommune
1825 3155 1893 3212 hene·

255 3249 363 3306 terium
378 3246 506 3313 intravit,
525 3255 553 3301 et
568 3260 667 3300 curem
683 3246 773 3300 altare
792 3248 899 3302 sanotae
915 3262 948 3302 ac
962 3246 1064 3302 indivi-
1114 3243 1892 3321 dixeruntDominum,famulumqueejussanetissimun

256 3338 319 3393 duae
333 3334 479 3392 Trinitatis
503 3333 533 3388 in
560 3333 622 3405 ipso
639 3332 769 3404 ingressu
780 3333 873 3406 posito
889 3333 983 3390 subito
997 3335 1062 3390 suh·
1114 3335 1229 3390 Patrem
1245 3338 1376 3390 nostrum
1392 3335 1592 3404 Benedictum,
1609 3336 1717 3410 gratias
1733 3334 1840 3407 agentes
1854 3325 1892 3388 illi,

256 3425 340 3491 stitit,
355 3423 392 3478 ad
407 3439 436 3477 se
461 3421 602 3492 paulatim
633 3422 669 3476 ah
687 3421 777 3476 humo
801 3422 1062 3494 sustollerecoepit.
1113 3423 1163 3497 qni
1178 3424 1549 3496 servulossuos‚quosforte
1563 3413 1894 3489 absentiasacrieorporis

256 3512 331 3578 Quid
343 3510 472 3584 pluribus
485 3524 584 3564 morer
593 3507 607 3563 ‘t
621 3507 699 3563 intra
708 3509 794 3564 breve
805 3512 989 3566 momentum
1006 3512 1065 3584 ple·
1114 3511 1175 3582 ejus
1187 3509 1366 3568 moestisscaro
1377 3511 1631 3585 poterat,spiritali
1647 3509 1803 3567 visitatione
1814 3505 1893 3576 dignos

256 3600 332 3656 niter
348 3601 452 3666 erecta,
466 3596 551 3653 rectis
567 3597 712 3669 gressibus
729 3597 766 3652 ad
780 3598 870 3652 altare
886 3598 998 3654 Sancta
1014 3599 1064 3655 liei
1114 3599 1246 3654 ducendo
1262 3598 1408 3654 miraculis
1423 3598 1593 3657 laetificaret.
1610 3601 1646 3655 Et
1661 3617 1698 3656 ne
1717 3614 1772 3672 qua
1782 3589 1894 3652 dubitabo

256 3688 404 3764 genitricis
415 3686 509 3742 hieriae
522 3687 608 3758 atque
621 3685 902 3742 confessorisChristi
918 3687 1064 3743 Benedicti
1114 3686 1291 3758 deprmstitis
1307 3685 1484 3743 mirabilium
1499 3687 1650 3744 beneficiis
1671 3683 1838 3748 remaneret,
1848 3673 1895 3732 vici·

257 3793 420 3853 progressa,
437 3775 494 3831 acsi
515 3774 545 3829 in
561 3773 693 3830 oratione
716 3775 909 3846 prosternitur
921 3793 928 3844 ;
941 3775 1065 3849 indeque
1115 3791 1168 3832 nos
1182 3775 1336 3832 ambarum
1349 3774 1505 3830 mulierum
1520 3777 1644 3832 sollicite
1658 3772 1825 3850 perscrutari
1834 3781 1896 3824 cnm-

257 3869 322 3939 post
335 3864 484 3938 paululum
498 3879 527 3918 se
542 3861 666 3933 erigens,
687 3861 769 3918 elatis
783 3862 813 3918 in
827 3865 917 3918 altum
933 3864 1065 3920 manilius
1114 3866 1237 3932 vernnt;
1256 3863 1496 3936 hospitemetiam
1511 3864 1573 3920 eius
1587 3881 1654 3938 quae
1664 3863 1839 3938 prinssanata
1849 3855 1895 3909 tue·

258 3955 372 4012 inhanc
388 3968 486 4010 vocem
501 3951 634 4025 prorupit
651 3967 658 4007 :
675 3951 795 4019 Gratias,
809 3951 914 4025 inquit,
931 3969 985 4026 ago
1002 3953 1064 4022 tibi,
1115 3955 1172 4021 rat,
1183 3952 1396 4025 interrogantes
1407 3947 1895 4026 utrnmeamaliquandoloqnenten
1926 4019 1927 4031 χ

258 4044 383 4102 Domina
398 4059 476 4109 mea,
488 4041 634 4113 virginum
649 4038 760 4112 Regina
772 4043 871 4095 sancta
884 4041 981 4109 haria,
998 4041 1065 4097 tibi·
1116 4045 1166 4097 aut
1180 4041 1377 4096 ambulantem
1391 4044 1469 4096 recte
1485 4040 1614 4109 vidisset,
1637 4045 1698 4098 tam
1712 4039 1817 4109 abipso
1831 4041 1895 4104 quan
1925 4092 1926 4117 ¹

259 4152 326 4209 que,
343 4130 745 4201 sancteBenedicte,quorum
757 4129 919 4184 interventu
931 4129 1064 4204 omnipo·
1116 4127 1262 4200 areliquis
1277 4129 1325 4202 qui
1341 4131 1474 4200 utrasque
1491 4133 1648 4198 noverant,
1665 4145 1733 4186 rere
1746 4143 1791 4184 eas
1805 4119 1897 4180 debiles,
1924 4181 1925 4203 ,

258 4222 408 4278 tensBens
423 4219 495 4274 mihi
507 4234 599 4274 curvre
612 4233 645 4273 ac
660 4217 959 4274 mntaerectitudinem
970 4233 1064 4274 mem·
1115 4233 1181 4273 vere
1197 4216 1331 4272 aChristo
1348 4217 1457 4272 meritis
1472 4220 1579 4273 sanctae
1595 4235 1657 4274 snae
1676 4212 1855 4274 Genitricisac
1867 4201 1897 4258 di·
1923 4273 1924 4289 χ

259 4305 509 4365 hrornmeoutulit
523 4309 553 4361 et
564 4307 721 4379 loquelam.
737 4305 793 4361 Nec
806 4304 896 4372 vohis,
912 4305 1002 4362 sancti
1014 4307 1063 4364 Bel
1115 4305 1180 4361 lecti
1196 4305 1238 4361 sui
1251 4304 1397 4361 Benedicti
1412 4303 1498 4360 fuisse
1514 4307 1634 4362 sanatas
1648 4305 1817 4363 didicerunt
1922 4359 1923 4375 ,

260 4395 380 4456 Eucheri
395 4398 425 4450 ct
439 4394 582 4462 Veranne,
605 4394 733 4450 minores
756 4394 886 4467 persolvo
904 4393 1064 4466 gratiarum
1418 4393 1530 4448 CAPUT
1545 4394 1613 4450 xlx.
1921 4429 1922 4461 ,

261 4485 399 4550 actiones,
413 4497 484 4556 quos
496 4497 572 4555 serpe
585 4486 717 4539 exoratos
727 4497 800 4538 mea
809 4445 1102 4554 nondiflldoadju-D
1187 4481 1221 4538 lu
1238 4483 1302 4539 testo
1320 4481 1506 4538 translationis
1518 4482 1679 4540 tacendam
1691 4481 1845 4540 retineam.
1920 4527 1921 4546 ,

262 4579 338 4630 tores
352 4570 551 4627 fuissesalutis.
565 4571 597 4626 ln
607 4571 651 4625 his
660 4571 775 4626 vocibus
784 4573 876 4626 totam
888 4587 962 4644 peno
971 4571 1066 4644 exegit
1150 4573 1195 4627 lc.
1208 4571 1348 4646 ldigrante
1359 4571 1396 4626 ad
1408 4586 1526 4643 superos
1536 4587 1571 4626 eo
1587 4587 1649 4645 qno
1660 4571 1788 4644 superius
1798 4565 1896 4622 relatum
1919 4591 1920 4635 ,

261 4667 388 4719 noctem.
404 4659 552 4730 hgehavnr
565 4675 600 4714 eo
621 4659 667 4714 die
688 4659 825 4714 festivitas
840 4659 917 4715 beati
942 4660 1065 4716 Romani
1116 4663 1158 4715 est
1174 4660 1275 4715 ordine
1290 4659 1446 4715 venerabili
1456 4660 1652 4716 Patrenostro
1667 4643 1898 4722 Abhonmetvosti·
1918 4683 1919 4721 ,

263 4753 314 4824 vsu)
329 4747 439 4806 alumni
461 4747 631 4804 sanctissimi
647 4747 739 4804 Patris
753 4748 844 4804 nostri
865 4748 1021 4816 Benedicti,
1037 4752 1067 4804 et
1116 4749 1164 4823 gio
1181 4749 1314 4821 quadam
1332 4747 1528 4816 adversanos,
1545 4747 1679 4804 maxime
1695 4747 1777 4804 uobis
1793 4741 1835 4816 qui
1854 4735 1899 4805 ‘in'
1917 4775 1918 4807 v

261 4841 364 4896 fratres
385 4836 591 4909 corripietorios
604 4835 663 4892 lieo
688 4836 837 4893 solvebant
863 4837 1005 4909 hymnos3
1017 4837 1066 4910 qui
1117 4837 1488 4910 ohseqnioadhaseramns,
1506 4851 1643 4892 evenere.
1656 4839 1694 4892 At
1704 4831 1816 4908 reliquis
1824 4823 1899 4898 regie·
1916 4861 1917 4893 ,

261 4929 398 4985 continuo
419 4927 589 4983 sonantibus
607 4926 696 4998 signis
711 4925 809 4981 laudes
821 4925 881 4980 Deo
895 4925 1002 4980 alacres
1012 4941 1065 4998 pro
1116 4926 1325 4992 elisarumnis,
1342 4941 1429 4981 unam
1446 4923 1598 4981 memorias
1613 4925 1756 4981 mandare
1770 4937 1822 4977 non
1833 4925 1916 4988 greve,

261 5019 376 5073 ostenso
390 5013 580 5071 reddiderunt
595 5015 744 5069 miraculo.
1116 5016 1246 5072 videatur
1256 5013 1437 5070 audientibus
1447 5031 1454 5080 ;
1463 5029 1528 5086 qum
1541 5009 1799 5085 peneintolerabili
1809 5007 1855 5064 hoc
1866 5015 1899 5094 iij
1914 5009 1915 5065 t

550 5101 662 5158 CAPUT
674 5101 763 5158 livill.
933 5137 934 5142 κ
1116 5120 1196 5159 crum
1216 5103 1379 5159 coenohium
1395 5103 1577 5175 profligasset
1607 5103 1732 5166 damno,
1756 5099 1784 5154 ni
1806 5101 1914 5164 superstit

260 5195 329 5255 item
343 5193 403 5252 atie
415 5191 555 5250 ambulare
583 5207 638 5247 uon
665 5191 765 5248 aeteus.
794 5188 897 5247 rreum
922 5192 1064 5264 impotens,
1115 5191 1201 5266 Regis
1217 5191 1318 5248 Christi
1334 5191 1381 5263 pia
1391 5191 1556 5259 clementia,
1567 5191 1739 5246 interventu
1748 5187 1843 5244 sancte
1855 5179 1913 5235 suffit

551 5279 652 5335 dimum
663 5285 770 5335 renutu.
1113 5281 1261 5338 Genitriois
1278 5281 1425 5351 Patrisque
1440 5281 1529 5335 nostri
1544 5280 1695 5336 Benedicti
1708 5278 1841 5348 mitigato.
1854 5266 1912 5354 lissjt

295 5374 339 5429 iti.
355 5371 467 5427 Christo
481 5369 653 5443 disponente
667 5367 761 5423 adhuc
776 5370 888 5422 sanctos
901 5367 1063 5424 suosmira·
1115 5371 1208 5427 dicem
1223 5373 1387 5426 nostrorum
1405 5369 1543 5423 scelerum
1572 5368 1742 5423 retraxisset
1764 5363 1911 5440 dexteram

260 5461 364 5520 bilibus
378 5460 506 5533 insignes
519 5457 652 5524 reddere,
662 5472 740 5512 nono
755 5458 820 5528 post
834 5459 980 5528 patratum
989 5455 1064 5514 istud
1114 5461 1269 5516 Enimvero
1295 5459 1361 5531 quia
1377 5458 1405 5512 in
1422 5457 1510 5530 signis
1524 5457 1724 5529 superioribus
1743 5441 1910 5510 demonstra-t

297 5587 352 5661 (cil)
367 5585 396 5640 ld
414 5587 456 5639 est
481 5585 655 5649 ennomus,
676 5583 879 5654 quosunctum
902 5581 1008 5636 Pascha
1034 5579 1063 5636 in
1117 5583 1223 5640 festum
1234 5581 1457 5642 senctiflomani
1475 5579 1598 5644 abbatis,
1624 5579 1736 5636 alumni
1763 5591 1807 5632 seu
1826 5561 1900 5652 ullttl·

260 5661 387 5733 primam
415 5655 528 5728 Aprilis,
555 5656 735 5710 pentecostes
749 5651 895 5708 insomnii
910 5652 1062 5708 incidebat.
1115 5653 1186 5710 toris
1212 5653 1301 5711 sancti
1327 5653 1418 5708 Patris
1435 5651 1580 5712 Benedicti
1593 5669 1602 5718 ;
1615 5651 1700 5722 cujus
1721 5649 1835 5706 Romaiu
1853 5637 1901 5690 ili!

294 5730 352 5804 (ὅῖ)
382 5725 469 5785 Vides
487 5725 646 5802 antiquitus
671 5725 849 5784 celebratum
877 5723 964 5779 fuisse
986 5723 1064 5781 diem
1116 5729 1208 5786 exstat
1222 5725 1253 5784 in
1268 5725 1378 5784 Secuto
1393 5725 1413 5784 t.
