3944 6186
119 395 175 452 sees
723 382 931 446 canonicos.
952 413 989 428 -
1001 385 1118 445 uranu
1686 385 1755 460 seeo

118 517 142 571 et
158 507 285 568 memoria
312 503 510 574 convenirent,
540 504 570 562 in
597 505 768 579 explicando
791 507 897 564 cesaris
911 511 1056 576 Aureum,
1067 513 1179 580 postque
1201 507 1321 578 [meum
1341 508 1470 578 aequiter.
1482 506 1586 564 audiat
1601 507 1755 582 unusquis·

117 601 187 660 laude
203 596 366 654 delicerent.
381 593 461 650 Sicut
475 593 623 662 dominus,
637 595 676 650 sic
689 599 718 650 et
737 603 772 638 ³⁸⁸
792 596 900 668 princi·
950 611 1005 666 que
1018 595 1148 651 fidelium
1163 595 1294 650 veredica
1317 604 1353 638 ³⁴⁰
1369 594 1446 650 beati
1459 595 1590 667 Gregorii
1620 596 1754 654 monita:

117 707 158 764 pes
177 689 231 759 ejus
250 685 377 742 inerunt.
402 684 464 738 Non
489 699 538 738 eos
555 684 684 739 ciborum
704 701 753 740 sen
778 685 900 740 aliarum
951 680 1019 738 Cum
1034 689 1165 752 augentur
1186 684 1268 750 dona,
1284 685 1534 740 roctoneoorescuct
1561 683 1702 755 donorum,
1728 689 1758 741 et

115 793 199 834 rerum
212 773 353 845 superflua
367 771 550 840 varietas,sed
566 771 596 826 in
609 773 719 829 cunctis
741 773 902 828 delectabat
950 773 981 828 in
997 772 1157 830 commissis
1172 781 1208 816 ³⁵⁰
1224 791 1253 830 se
1273 773 1361 830 nimis
1387 790 1518 846 peccasse
1543 775 1756 847 perhorreseat,

115 861 392 922 aureamediocritas.
410 860 590 932 Omnesque
609 861 746 932 leguntur
771 860 901 926 virtutes,
951 865 1047 932 etpro
1074 861 1174 917 anima
1195 862 1371 934 inperatoris
1395 865 1488 920 ileum
1512 863 1634 937 supplici
1657 867 1758 921 mente

112 954 150 1009 his
163 949 326 1023 degentibus
347 949 494 1016 docentes,
517 948 571 1004 biis
584 948 756 1006 obeuntibus
779 965 902 1004 marces·
953 950 1133 1021 deposcat,nt
1146 950 1259 1023 flagicia
1274 951 1348 1006 servi
1364 954 1523 1024 peccatoris
1533 951 1689 1008 innumere
1709 960 1756 1021 ³¹¹,

112 1043 207 1098 serunt.
220 1038 263 1094 ilii
277 1037 328 1093 etsi
341 1037 531 1109 corporaliter
546 1053 605 1092 non
626 1037 734 1105 vivunt,
749 1039 903 1109 supersunt
953 1055 1017 1111 quea
1041 1038 1071 1094 in
1097 1041 1140 1094 tot
1153 1038 1206 1094 sibi
1234 1039 1354 1095 subditis
1378 1040 1464 1096 rebus
1487 1041 1633 1114 precaveri
1659 1040 1760 1113 aequi-

110 1129 203 1186 animce
227 1126 420 1194 immortales,
447 1126 592 1181 honorum
616 1130 754 1198 provectu
780 1141 902 1197 operum
953 1130 1066 1190 verant,
1082 1129 1242 1184 clementer
1260 1128 1403 1201 ignoscat,
1419 1145 1638 1203 regnorumque
1663 1128 1757 1186 domi-

111 1220 184 1274 beata
197 1216 357 1272 [eternitate
372 1214 543 1286 gaudentes.
556 1214 611 1271 Sed
635 1218 665 1270 ut
680 1214 852 1270 concludam
867 1222 903 1257 ³⁴⁸
954 1219 1039 1272 nator
1054 1216 1187 1272 omnium
1210 1217 1323 1289 populis
1335 1219 1517 1290 presentibus
1542 1223 1629 1292 atque
1655 1217 1760 1276 futuris

108 1307 348 1375 sermonem,post
361 1303 497 1358 Carolum
512 1303 648 1375 Magnum
665 1305 795 1376 regalem
809 1304 904 1360 cathe-
954 1305 1073 1376 pervigil
1098 1304 1330 1377 piusquecustos
1351 1306 1478 1362 assistatl
1494 1307 1529 1362 Et
1559 1311 1602 1376 tu,
1628 1307 1759 1380 quicum-

108 1395 179 1450 dram
194 1409 354 1464 numquam
368 1395 465 1448 tantus
477 1393 579 1463 patriae
590 1397 677 1466 atque
693 1393 903 1464 defensorpos-
955 1410 1010 1466 que
1023 1393 1094 1448 mihi
1110 1395 1254 1458 succedas,
1272 1394 1346 1450 tanti
1361 1411 1477 1452 memor
1499 1395 1638 1464 benificii,
1653 1395 1761 1453 animm

107 1481 180 1537 sedit.
195 1480 553 1548 precedentibusmortem
564 1482 635 1552 ejus,
653 1485 684 1536 ut
704 1481 825 1553 predixi,
841 1483 904 1552 plu·
955 1481 1016 1553 ejus
1023 1481 1261 1538 recordationem
1283 1482 1362 1538 ildeli
1378 1483 1482 1538 mentis
1496 1482 1628 1540 custodia
1655 1499 1761 1550 serves,

106 1569 181 1625 rimis
192 1569 390 1641 optimatibus,
406 1568 571 1640 omnesqui
586 1569 801 1640 superfuerunt,
815 1573 905 1626 tantos
955 1569 1140 1641 maximeque
1152 1571 1183 1625 ln
1196 1570 1350 1626 testivitate
1367 1570 1473 1628 Christi
1487 1571 1590 1628 adletse
1603 1569 1762 1639 Laurentii,

104 1658 285 1730 jucunditatis
297 1657 374 1713 haud
385 1665 420 1700 ⁸⁴⁷
435 1657 624 1726 inmemores,
639 1675 745 1714 novam
771 1659 846 1714 hanc
870 1667 905 1702 ³⁴⁸
955 1659 1037 1730 cujus
1051 1657 1289 1714 intercessionem
1305 1658 1410 1716 obnixe
1428 1661 1566 1732 postules,
1582 1663 1614 1716 ut
1630 1660 1705 1716 sicut
1727 1675 1763 1714 eo

105 1763 241 1812 normam,
259 1763 323 1819 quse
347 1746 530 1818 sequebatur,
545 1763 599 1802 nec
622 1747 785 1815 voluerunt,
812 1763 906 1820 neque
957 1746 1003 1802 die
1019 1747 1131 1804 meritis
1145 1747 1234 1819 ipsius
1250 1747 1378 1803 hostium
1391 1748 1651 1804 huicconcessaast
1663 1746 1764 1802 divini·

106 1835 304 1908 sequebantur,
320 1835 370 1890 sed
382 1835 536 1890 aderitum
551 1835 615 1891 vita
638 1835 744 1892 suimet
767 1837 803 1891 ab
828 1839 908 1892 recta
923 1805 1132 1892 Btusvictoria
1146 1835 1314 1904 visibilium,
1329 1835 1371 1890 ita
1383 1835 1466 1892 sibia
1481 1838 1540 1892 lteo
1552 1836 1764 1908 donata,quam

101 1925 219 1996 antiquae
243 1923 372 1980 veritatis
387 1926 416 1978 ot
432 1924 557 1994 Justicioe
585 1924 690 1980 semita
732 1941 784 1980 sua
801 1927 906 1996 sponte
958 1940 1074 1997 semper
1089 1923 1208 1997 optavit,
1232 1923 1414 1992 remissione,
1431 1925 1550 1997 laqueos
1575 1922 1764 1980 inimicorum

103 2027 155 2068 non
170 2011 336 2070 deviabant.
353 2011 534 2082 lnpleritunc
544 2013 908 2086 nemqneridehant‚quod
958 2017 1104 2070 mereatur
1116 2012 1301 2068 invisibilium
1312 2013 1461 2070 evaderca
1476 2012 1656 2086 sinistrisque
1669 2026 1766 2084 segre·

101 2101 254 2171 aquodam
279 2100 408 2173 sapienta
436 2116 558 2174 presago
577 2101 742 2158 futurorum
766 2102 905 2173 scriptum
958 2105 1052 2175 gatus,
1066 2102 1096 2158 in
1106 2101 1153 2158 die
1163 2100 1265 2174 judicii
1280 2102 1465 2160 collocatura
1479 2101 1635 2160 ³¹¹dextris
1650 2099 1702 2158 [tei
1715 2101 1767 2158 Pa·

99 2189 137 2242 est
147 2187 295 2244 :Primum
310 2188 341 2261 (l.
354 2189 399 2261 tt)
413 2195 450 2243 est
464 2205 578 2246 aureum
592 2190 720 2259 secutum,
742 2190 818 2246 deinc
833 2187 905 2264 l3lslt
959 2191 1021 2248 tris.

612 2319 831 2424 LIBER
864 2319 1173 2428 TERTIUS
1187 2317 1241 2426 ⁸⁸³.

94 2483 199 2540 Tertius
213 2483 245 2540 in
263 2500 388 2540 numero
409 2499 523 2556 regum,
539 2483 589 2539 sed
601 2483 749 2556 proximus
765 2482 832 2538 Otto
918 2487 942 2546 c
958 2481 1064 2540 viribus
1078 2483 1207 2557 corporis
1224 2485 1323 2541 cluens
1348 2485 1470 2556 eximiis,
1495 2503 1591 2560 primo
1613 2505 1678 2564 quae
1702 2491 1769 2546 sunt

95 2572 224 2642 Nomine,
242 2572 399 2641 scribatur,
415 2573 541 2645 etdigna
555 2573 639 2628 laude
654 2573 765 2628 locetur
958 2582 1093 2644 proterva
1120 2577 1254 2642 sectetur,
1281 2572 1460 2648 largitusque
1496 2576 1625 2648 plurima
1652 2572 1769 2651 pietatis

92 2659 161 2717 Sede
173 2662 273 2734 patris
284 2661 396 2735 magni,
409 2661 505 2716 vivens
517 2677 569 2734 per
583 2661 658 2716 secla
669 2661 795 2717 secundo
805 2669 843 2704 ³⁸⁴
959 2675 1046 2732 opere
1063 2661 1150 2732 (atr),
1167 2661 1275 2735 absque
1290 2664 1539 2737 temperamento,
1567 2667 1683 2724 matura
1707 2664 1770 2738 lugi

93 2748 120 2815 tl,
135 2751 188 2822 tt’)
205 2751 362 2815 Successu,
374 2750 486 2805 miseris
498 2750 547 2822 qui
556 2750 808 2822 proluitomnibus
826 2747 909 2806 horis
959 2748 1078 2804 consilia
1091 2766 1099 2818 ;
1114 2749 1277 2822 deindeque
1293 2751 1448 2823 castigatus
1466 2769 1484 2808 a
1498 2753 1609 2822 multis,
1633 2752 1772 2826 imposita

90 2837 175 2908 liujus
189 2840 297 2911 prima
312 2838 394 2894 honis
407 2839 551 2908 laetantur,
562 2839 642 2894 triste
654 2839 799 2911 supremis
842 2866 850 2877 ·
958 2835 1012 2890 sibi
1026 2836 1180 2893 laudandae
1196 2836 1310 2894 virtutis
1334 2839 1428 2908 trano,
1459 2839 1598 2896 nobiliter
1621 2840 1652 2896 in
1669 2841 1772 2896 dicbus

87 2927 219 2992 Advenit,
238 2927 354 2984 nostris
369 2927 535 2984 criminibus
552 2928 680 3000 undique
691 2927 815 3000 magnis.
959 2923 1017 2978 suis
1029 2929 1213 2980 conversatus
1229 2930 1271 2982 est
1285 2942 1292 2995 ;
1324 2927 1396 2982 siout
1407 2927 1439 2982 in
1466 2927 1655 3002 sequentibus
1673 2929 1771 3000 expla-

86 3013 159 3071 Tunc
171 3017 229 3072 luit
246 3015 302 3072 hie
314 3015 448 3084 mundus,
461 3017 740 3090 quodsprevitrecto
751 3015 908 3089 malignus.
959 3014 1046 3068 nabo.
1063 3011 1121 3068 Piae
1135 3013 1282 3086 genitricis
1301 3031 1359 3070 sule
1374 3014 1522 3085 instinctu,
1535 3016 1615 3090 cujus
1625 3015 1771 3088 guberna·

85 3105 182 3161 Ultriei
198 3105 310 3178 gladio
325 3105 473 3177 perierunt
487 3106 614 3178 plurima
626 3123 730 3179 regno.
959 3102 1023 3156 cula
1036 3100 1162 3174 vigebat,
1182 3103 1345 3160 ldiminlevo
1361 3111 1409 3173 ⁸⁸⁶,
1425 3103 1474 3160 ubi
1487 3107 1572 3178 pater
1597 3121 1664 3160 snus
1686 3104 1769 3175 obiit,

85 3193 166 3250 Nulla
178 3197 270 3268 patet
290 3194 373 3249 nobis
387 3193 545 3250 certissima
560 3211 656 3264 causa,
673 3195 773 3268 peritis
954 3188 1034 3260 lusto
1056 3189 1205 3263 acquisivit
1233 3191 1407 3261 coccolobin,
1431 3191 1618 3266 decimasque
1643 3209 1708 3266 quae
1733 3191 1772 3249 ad

86 3283 204 3338 Cunctis
223 3288 276 3339 est
291 3283 395 3351 visum,
410 3284 568 3356 llersbnrgi
582 3270 679 3340 flebile
695 3284 837 3340 damnum
960 3277 1142 3335 herevesfeld
1165 3287 1199 3322 ⁸⁸⁷
1223 3279 1430 3353 pertinebant3
1443 3283 1473 3335 et
1510 3281 1697 3354 congregatis
1731 3279 1772 3338 ibi

82 3369 119 3425 lix
134 3388 195 3446 quo
212 3371 367 3440 sustinuit,
379 3372 455 3444 qood
471 3389 525 3446 pax
540 3372 589 3444 pia
600 3374 686 3446 longe
695 3373 811 3429 recessit
959 3368 1120 3437 monachis,
1131 3369 1254 3425 liberam
1270 3369 1340 3426 lecit
1363 3369 1529 3442 abbaciam,
1559 3370 1691 3443 datisque
1716 3369 1772 3427 sihi

81 3459 232 3518 Finibuse
251 3459 374 3529 nostris,
389 3461 446 3516 late
463 3461 606 3534 regnabat
627 3465 655 3517 et
667 3462 767 3518 hostis.
957 3457 1045 3512 rebus
1060 3457 1236 3527 necessariis,
1259 3458 1416 3530 apostolico
1441 3457 1630 3515 confirmavit
1655 3457 1772 3533 privile·

81 3547 148 3612 Quis
158 3551 244 3606 valet
258 3547 346 3605 effari
357 3549 460 3603 seviret
472 3553 504 3604 ut
520 3550 573 3604 iste
583 3549 692 3607 crudeli
958 3545 1005 3618 gio
1015 3553 1050 3588 ⁸¹⁸
1063 3545 1272 3619 (tittlnsuper
1288 3547 1438 3603 licentiam
1452 3545 1771 3620 archiepiscopumeli-

77 3636 207 3707 Funere,
225 3654 303 3693 curn
320 3636 424 3693 Christi
439 3638 554 3709 templis
569 3653 622 3692 nec
632 3640 765 3710 parceret
775 3637 871 3694 almi?
957 3634 1046 3707 gandi
1056 3635 1314 3691 confratribuslteo
1324 3635 1533 3692 famulantibus
1540 3637 1720 3710 Magdaburg
1733 3645 1770 3682 ⁸⁸·

77 3723 243 3798 Congressi
255 3729 364 3782 mutuo
376 3725 540 3782 ceciderunt
556 3728 642 3799 atque
655 3727 763 3784 duello.
956 3725 1094 3795 precepto
1121 3723 1256 3797 inperiali
1274 3727 1410 3797 presente
1441 3723 1658 3797 archiepiscopo
1690 3724 1771 3782 dedit

72 3813 110 3868 Ex
125 3817 245 3872 nostris
264 3814 365 3882 multi,
392 3814 543 3870 Saracenis
556 3815 716 3887 exuperati.
916 3809 1136 3878 DAEthelherto
1160 3819 1207 3881 ⁸⁸⁰,
1224 3815 1253 3868 et
1274 3813 1346 3884 (344)
1371 3827 1438 3868 cum
1465 3829 1524 3869 uno
1547 3812 1633 3880 libro,
1660 3813 1710 3884 qui
1733 3820 1769 3857 ⁸⁸¹

73 3901 285 3969 Verefelices,
303 3919 353 3976 qur
368 3903 513 3959 Christum
528 3919 646 3974 semper
665 3906 799 3960 amantes
956 3898 1043 3956 hodie
1059 3899 1168 3955 ibidem
1178 3899 1264 3967 est,in
1280 3917 1337 3973 quo
1351 3917 1403 3956 sua
1414 3899 1657 3974 inperatricisque
1672 3899 1768 3956 Thau·

68 3992 264 4067 tranquillae
282 3992 363 4066 pacis
375 3992 504 4048 retinent
519 3995 630 4063 optate,
643 3991 757 4049 timoris
956 3989 1054 4060 phaon
1063 3987 1159 4060 imago
1167 4004 1237 4044 auro
1243 3989 1376 4060 splendet
1386 3989 1631 4058 formata,munus
1640 3987 1769 4045 affirma-

69 4079 221 4138 Funditus
239 4080 345 4153 ignari
355 4081 496 4153 pulsantis
510 4081 600 4137 eorda
613 4081 746 4154 maligni,
955 4077 1005 4136 vit.
1019 4077 1102 4142 Quod
1114 4077 1208 4149 gratia
1222 4078 1327 4133 cesaris
1339 4080 1369 4134 et
1383 4077 1414 4133 in
1429 4077 1575 4150 presentia
1589 4077 1652 4149 ejus
1664 4074 1762 4134 archi-

66 4169 261 4246 plusquam
279 4169 409 4226 tricenos
421 4169 555 4242 quiuunc
568 4170 737 4226 turbaverat
751 4185 843 4226 annos
957 4165 1117 4240 episcopus,
1137 4169 1308 4240 preparatus
1333 4166 1517 4237 admissam,
1544 4182 1611 4222 cum
1633 4165 1764 4240 perlecto

65 4259 303 4316 Antecessores
316 4261 440 4325 nostros,
457 4260 496 4325 et,
507 4273 560 4328 pro
573 4256 673 4313 dolori
690 4257 787 4314 hostes
956 4255 1106 4327 evangelio
1123 4271 1205 4311 more
1218 4255 1302 4312 solito
1318 4255 1428 4327 optime
1442 4256 1629 4330 predicasset,
1643 4254 1765 4314 recitato

61 4347 222 4418 Armavit,
254 4347 377 4402 nostras
391 4361 505 4419 quoque
519 4361 596 4401 nunc
618 4345 779 4417 infringere
803 4347 906 4401 terras.
956 4358 1055 4398 coram
1069 4347 1206 4415 precepto
1219 4343 1377 4416 imperiali,
1392 4345 1426 4418 (l.
1437 4344 1491 4416 at’)
1507 4361 1565 4418 quo
1578 4343 1683 4402 eleccio
1697 4357 1766 4400 con·

62 4435 119 4499 Qui
131 4439 235 4494 coelos
249 4433 346 4490 terris
359 4434 508 4505 conjunxit
522 4441 569 4502 ⁸⁸⁸,
586 4436 676 4506 ponat
694 4436 726 4488 ut
739 4433 799 4489 istis
955 4430 1112 4499 tinebatur,
1129 4431 1265 4500 ostendit,
1275 4432 1765 4508 eumdemque,quicumqueteme·

57 4524 171 4584 dinem
185 4522 369 4598 suppliciis,
382 4525 463 4594 optet
472 4521 561 4578 modo
572 4521 693 4596 quisque
708 4522 813 4580 tidelis.
954 4519 1046 4576 rarius
1059 4521 1115 4577 hoc
1143 4536 1285 4594 umquam
1311 4521 1434 4579 auderet
1446 4521 1621 4597 intringere,
1633 4521 1762 4580 terribili

97 4620 125 4673 l.
140 4616 179 4677 (l.
200 4617 257 4680 δι)
282 4609 401 4667 Tercius
415 4611 500 4683 regni
522 4613 693 4683 procurator
715 4609 820 4681 nostri,
837 4608 904 4666 Otto
955 4608 1257 4666 excommunicatione
1272 4609 1435 4683 damnavit,
1450 4611 1560 4670 cunctis
1583 4627 1766 4686 prosequen-

55 4703 233 4773 secundus,
258 4700 305 4756 sit
318 4697 449 4756 codicelli
466 4698 604 4756 materies
629 4699 705 4770 mei;
719 4699 769 4772 qui
790 4699 905 4772 juvenis
954 4697 1030 4754 tibus
1044 4697 1156 4755 Amce!
1176 4695 1244 4770 fiet!
1266 4697 1336 4772 fiet!
1364 4699 1564 4758 consolidavit.
1602 4702 1765 4776 Paupercm

762 4816 878 4872 VARIAE
896 4815 1097 4873 hamtonae

89 4927 191 4981 vetet.
207 4923 246 4978 et
268 4923 319 4976 lo.
359 4917 600 4974 ⁸⁴tconcleudam
617 4920 659 4972 ta.
697 4922 733 4959 ⁸⁴⁷
756 4914 815 4971 Voc
829 4914 908 4970 haud
919 4929 996 4970 nasa
1010 4916 1039 4969 in
1051 4915 1250 4974 cod.l.eestct
1264 4915 1387 4988 epudd.
1407 4915 1440 4973 S.
1478 4917 1584 4973 ³⁴⁸hac
1600 4921 1625 4974 t.
1664 4927 1765 4981 mve·

49 4998 152 5053 ridica
171 5000 223 5051 lc.
273 4998 317 5033 ⁸⁸⁰
331 4989 490 5046 commissis
507 4994 531 5044 t.
569 4988 778 5044 aflinnumal.
799 4986 1093 5044 tineosudcrueroso.
1131 4993 1167 5028 ³⁵¹
1183 4987 1261 5042 adl.
1278 4991 1362 5112 qvqccs
1385 4987 1436 5044 ltei
1460 4988 1553 5045 Patris
1576 5006 1661 5046 erosa
1674 4992 1761 5063 sent).

47 5077 87 5113 ⁸³⁸
100 5066 230 5139 lneipit
247 5061 399 5136 prologus
413 5061 479 5116 libri
493 5059 571 5115 tertii
582 5059 617 5115 de
633 5061 738 5116 ottone
753 5057 878 5114 secundo
894 5061 923 5138 2.
937 5063 974 5140 ¹et
992 5059 1020 5112 in
1037 5057 1092 5127 fine
1111 5058 1262 5115 carminis:
1320 5059 1361 5132 pl.
1383 5059 1532 5142 prologus.
1548 5061 1608 5117 lnc.
1623 5061 1673 5118 lib.
1689 5065 1760 5118 tere.

47 5149 85 5184 ιιι
102 5139 195 5196 lelici
217 5141 251 5192 t.
267 5131 323 5188 sed
335 5133 524 5204 qsecorrestt.
562 5138 634 5186 ⁸⁸⁵c.
650 5147 767 5188 erasum.
805 5137 841 5172 ⁸³³
861 5129 1030 5184 miminleuc
1049 5132 1088 5183 lc.
1126 5135 1162 5171 ³⁵⁷
1182 5128 1371 5186 llereueslel.
1386 5139 1490 5206 serapte
1507 5137 1539 5202 l,
1564 5131 1608 5188 scd
1626 5147 1700 5190 corr.
1718 5133 1759 5190 lc.

45 5207 234 5269 harastald.
285 5209 327 5248 ⁸⁵⁸
344 5208 489 5277 praecepto
506 5206 549 5259 lo.
587 5201 762 5264 ”reddit
800 5199 1022 5257 vvvsdhslberto
1044 5203 1084 5256 lc.
1123 5207 1158 5243 ⁸⁸¹
1176 5199 1254 5272 quod
1271 5203 1318 5261 lo.

876 5319 989 5379 NOTAE.

84 5430 175 5504 (w)
195 5429 224 5484 1.
239 5441 275 5481 e.
292 5419 412 5478 dehinc.
466 5494 471 5504 Ι
712 5490 718 5504 .
989 5415 1114 5491 (almos
1129 5417 1183 5474 hac
1197 5417 1338 5477 chartea.
1355 5421 1418 5488 979,
1432 5418 1463 5477 V.
1476 5418 1613 5477 Bohmeri
1637 5419 1763 5496 Regcsta

96 5509 174 5570 aaa)
190 5497 240 5558 cf,
264 5493 309 5560 V,
326 5497 369 5549 tt.
384 5491 512 5564 Lcrqdus
537 5507 622 5550 sensu
644 5507 767 5567 passivo.
794 5489 904 5548 Sensus
955 5489 1007 5546 sub
1020 5506 1050 5544 n.
1065 5490 1127 5546 544.

40 5509 178 5632 videtur
194 5581 278 5629 asse
299 5579 310 5620 ε
328 5563 494 5639 plurimeei
516 5562 625 5622 donata
642 5566 710 5624 suot
734 5579 754 5624 a
775 5561 905 5638 porenti-
990 5561 1066 5635 (tlh)
1080 5560 1266 5622 Chartadate
1289 5559 1436 5624 Walbecki
1460 5577 1487 5622 a.
1511 5563 1575 5637 tlt,
1601 5561 1691 5626 Dech.
1728 5567 1762 5624 te

39 5647 117 5710 boe.

314 5725 579 5792 vanamne
1601 5729 1638 5786 aa
