3992 6180
125 447 191 512 ((33
750 435 959 499 cauculuolt.
979 437 1095 498 -mu
1109 433 1148 496 ul
1712 437 1782 504 less

125 565 249 630 7777777
262 564 357 625 arisit.
369 561 511 640 liqoidere
524 563 752 638 premonstratas
759 560 832 620 mibi
843 561 928 620 indu·
938 557 970 630 Α
979 549 1214 635 corruptibilem
1227 559 1401 636 accipiendis
1413 577 1532 639 semper
1545 561 1722 635 laboramus,
1732 583 1783 627 cur

124 661 182 718 cias
200 674 270 716 7777
285 675 345 715 non
359 655 421 714 sine
441 655 568 712 marisam
582 653 688 722 7777777,
704 653 755 710 777
772 653 930 726 bonisope-
979 665 1041 707 nou
1057 652 1094 709 ad
1108 651 1446 712 indeficientiscoronam
1458 655 1491 724 (f.
1510 655 1571 727 770)
1584 655 1704 715 17777777
1718 661 1783 717 sub-

123 751 201 807 ribus
222 749 386 805 nullatcnus
408 743 602 819 suspectant.
625 744 803 801 adveniente
826 743 928 818 quinto
977 740 1037 796 lato
1061 741 1167 799 timore
1185 744 1395 816 aliquantulum
1421 746 1631 820 properamus?
1648 747 1724 804 lianc
1745 749 1782 806 ad

124 855 240 908 mense,
254 836 456 911 quamvisplus
463 837 588 892 mortem
599 849 688 908 quam
697 835 757 890 hoc
768 849 928 906 sperarem,
978 835 1150 910 capiendam
1166 847 1215 890 rer
1230 836 1338 901 noster,
1353 835 1386 889 ut
1406 833 1527 907 predixi,
1542 835 1573 891 in
1586 834 1738 892 itineribus
1753 841 1783 898 et

123 929 287 1002 completur
298 929 454 999 utrumque
475 923 506 980 in
525 925 643 994 accepto
663 922 828 997 episcopatu
849 937 926 980 som·
977 926 1040 983 aliis
1057 923 1274 982 necessitatibus
1293 923 1419 980 maxime
1431 923 1577 996 laborans,
1591 924 1700 984 amicos
1713 925 1782 984 fecit

123 1017 217 1085 nium,
239 1015 307 1089 quia
327 1015 358 1070 in
370 1032 405 1071 eo
419 1012 562 1088 preceptis
575 1012 690 1069 obedivi
704 1011 815 1080 divinis,
829 1013 859 1067 et
872 1027 927 1067 nu·
976 1017 1030 1073 sibi
1047 1012 1191 1082 inimicos,
1206 1013 1285 1085 juste
1299 1013 1417 1069 easdem
1436 1029 1549 1071 exosas.

123 1120 239 1162 merum
261 1103 404 1177 complevi
429 1102 589 1176 signatum.
611 1100 692 1157 [lude
720 1099 927 1158 inconveniens
1012 1101 1190 1161 salutarim
1202 1101 1383 1158 Daedicomes
1399 1118 1540 1176 magnum
1549 1103 1782 1162 dedecusin'ver·

123 1180 185 1254 esee
201 1193 273 1252 nusi
287 1193 447 1262 videbatur,
463 1192 568 1250 utsins
580 1192 694 1266 speciali
710 1195 822 1248 rectore
832 1191 927 1248 aeccle·
976 1195 1020 1252 bis
1045 1194 1074 1250 77
1090 1194 1120 1248 in
1142 1190 1278 1266 operibus
1297 1191 1426 1262 predicto
1442 1192 1543 1266 nepoti
1567 1209 1633 1250 meo
1655 1194 1783 1252 inferens

122 1285 175 1348 sia,
195 1299 284 1359 quam
297 1285 415 1340 actneus
426 1282 577 1355 regebam,
589 1284 709 1350 esset,ac
725 1279 821 1337 cidem
836 1278 928 1336 weili-
977 1281 1114 1343 excitavit
1126 1279 1405 1353 malum‚quodfore
1416 1281 1526 1353 putavit
1538 1282 1671 1340 oblitum.
1686 1283 1783 1341 Consi·

125 1375 230 1449 gisum,
240 1373 364 1430 fratrem
379 1387 479 1428 meum
494 1387 528 1427 er
543 1374 637 1442 patre,
655 1369 741 1442 hujus
756 1368 855 1426 altaris
867 1384 926 1425 scr·
976 1371 1016 1429 lio
1032 1369 1112 1428 enim
1134 1369 1195 1441 ejus
1207 1370 1236 1424 et
1250 1367 1355 1424 auxilio
1370 1369 1438 1427 urbs
1452 1370 1542 1442 patris
1558 1372 1621 1444 ejus
1639 1373 1670 1428 et
1683 1376 1782 1430 nostra

124 1479 201 1531 vum,
216 1461 367 1520 communi
382 1461 504 1516 fratrum
515 1458 633 1532 consilio
648 1458 801 1541 preposui3
816 1459 845 1514 et
859 1456 927 1513 inde
975 1457 1172 1517 walmerstidi
1179 1457 1264 1531 (777),
1272 1455 1421 1514 Slavonice
1427 1461 1526 1516 autem
1532 1459 1656 1529 Ustiure,
1663 1477 1697 1518 eo
1704 1463 1782 1536 quod

125 1553 161 1610 ad
174 1551 354 1623 ilsmseburg
367 1548 495 1618 veniens,
510 1563 577 1605 eum
593 1548 712 1606 domino
721 1547 845 1604 meimet
856 1561 927 1620 rege
976 1545 1160 1609 7777771777
1173 1545 1253 1603 fluvii
1263 1547 1310 1603 1777
1317 1545 1501 1615 7777777777,
1512 1549 1623 1618 vocata,
1633 1550 1783 1608 combusta

124 1640 289 1716 prorlmnm
305 1639 505 1696 recusassem
526 1637 667 1694 celebrari
701 1636 859 1709 (707((7777.
880 1635 923 1708 t).
977 1643 1020 1698 est
1034 1639 1064 1695 st
1078 1635 1604 1711 depopulata.Commovithecomna
1617 1637 1782 1697 animosum

158 1733 204 1787 es.
224 1729 335 1788 Dehinc
346 1728 383 1784 ad
396 1729 605 1801 ilagatbaburg
618 1743 720 1784 omnes
731 1726 872 1784 venimus.
886 1723 927 1782 ibi
976 1727 1090 1802 juvenis
1103 1724 1214 1799 egregii
1229 1725 1338 1797 pectus,
1355 1726 1385 1781 et
1402 1740 1468 1780 cnm
1487 1726 1602 1782 hostem
1617 1728 1653 1783 de
1668 1728 1782 1785 civitate

124 1823 187 1876 tum
201 1833 292 1890 nepes
305 1833 388 1874 777777
408 1817 538 1874 7777771777
559 1815 748 1872 wirinharius
766 1832 785 1871 a
806 1831 875 1889 rege
897 1812 927 1871 in
975 1813 1203 1889 Tangeremuthi
1231 1813 1301 1882 (770)
1326 1811 1412 1882 dicta,
1437 1812 1505 1886 quia
1525 1813 1783 1888 Tongera'tluvius

122 1907 222 1964 multis
228 1909 385 1973 accusatus,
394 1905 519 1978 gratiam
526 1905 551 1976 ej
557 1921 588 1960 us
598 1908 627 1960 et
634 1904 810 1960 beneficium
821 1903 927 1961 suimet
941 1903 1084 1964 Bibidsm
1097 1903 1128 1959 iu
1143 1901 1258 1958 71177777
1273 1900 1358 1970 cadit,
1376 1900 1653 1974 equitareveraciter
1662 1921 1782 1980 campe-

121 1995 259 2052 instinclu
274 1994 354 2052 badi
365 2002 412 2040 ¹¹¹⁷
427 1993 542 2050 comilis
556 1993 702 2066 perderet,
712 1991 927 2050 nisiinfirmites
975 1995 1056 2060 riret‚
1070 1993 1192 2049 fratrem
1207 2007 1307 2046 meum
1324 1990 1513 2048 Frithericum
1528 2007 1594 2048 cum
1614 1996 1648 2048 00
1667 1997 1781 2052 tentum

120 2084 343 2159 ejussubitanea
357 2083 387 2141 id
402 2081 657 2155 107777777777777
671 2081 701 2137 ni
715 2082 771 2137 hoc
785 2081 925 2138 Burchar·
976 2081 1114 2139 militibus
1140 2079 1259 2136 armatis
1277 2095 1374 2135 secum
1394 2095 1522 2148 sumans,
1545 2097 1562 2137 7
1583 2081 1718 2140 sumitate
1733 2090 1781 2128 ¹¹⁸¹

121 2175 173 2232 dus
187 2189 287 2232 comes
301 2171 445 2245 palatinus
458 2171 491 2241 (f.
510 2171 582 2244 llt')
595 2169 730 2242 prudenti
740 2169 859 2226 consilio
870 2169 926 2226 dit·
975 2170 1060 2228 unius
1075 2168 1171 2242 campi
1186 2169 1224 2226 ad
1237 2168 1346 2226 lissum
1361 2167 1461 2225 villam
1478 2169 1554 2240 (770)
1576 2171 1780 2244 pertingentis,

118 2263 202 2320 feret.
219 2263 277 2318 ilex
294 2261 364 2317 inde
386 2275 564 2334 progressus,
586 2257 680 2315 varias
703 2257 926 2316 occidentalium
975 2275 1033 2333 que
1049 2257 1163 2314 eminus
1178 2255 1279 2329 asspici
1293 2262 1341 2300 ¹¹⁸⁸
1356 2257 1461 2329 potuit,
1472 2257 1593 2315 viriliter
1601 2259 1781 2332 aggreditur,

120 2347 542 2422 mentesprobare,etocsolito
552 2349 815 2415 commoverentur,
824 2347 926 2404 sedare
975 2351 1005 2403 et
1019 2346 1156 2413 eundem,
1180 2344 1360 2418 fugientibus
1373 2361 1442 2401 mox
1459 2346 1623 2420 plusquam
1637 2351 1671 2403 td
1685 2349 1780 2419 sociis,

117 2437 270 2510 temptavit
279 2437 363 2509 (770).
373 2435 451 2502 Quos
463 2434 597 2492 nonnulli
605 2434 784 2506 injusticiam
794 2435 927 2492 domiuo-
974 2434 1090 2492 fortiter
1102 2433 1298 2500 resistentem,
1309 2448 1376 2488 cum
1391 2433 1546 2506 Egilisardo
1559 2435 1665 2492 suimet
1687 2438 1780 2495 milito

117 2541 183 2582 rum
193 2541 312 2582 suorum
326 2523 386 2600 pati
397 2524 528 2581 nolentes
538 2522 830 2590 laudantnoeautem
843 2523 925 2595 quasi
972 2523 1080 2581 occidit
1093 2523 1178 2595 (771),
1196 2526 1225 2579 77
1237 2524 1303 2595 (7777
1315 2521 1455 2594 hocjuste
1468 2521 1603 2594 perdidit,
1613 2525 1690 2598 quod
1704 2526 1781 2598 prius

117 2615 267 2688 ignescas
284 2616 387 2669 contra
396 2613 574 2685 vituperant.
590 2611 719 2667 euntem
728 2611 867 2684 plerique,
876 2611 925 2684 qui
974 2629 1050 2688 pene
1063 2622 1111 2658 ¹¹⁸⁴
1124 2609 1373 2670 inracionabiliter
1384 2611 1446 2683 ejus
1458 2627 1596 2684 persuasu
1608 2613 1715 2673 amisit.

117 2697 833 2776 corporisvoluptatibusounctisservientes,freno
844 2697 925 2772 equi·
1009 2705 1055 2758 01.
1077 2701 1134 2758 Sed
1148 2699 1171 2756 si
1186 2704 1216 2755 te
1230 2700 1370 2756 lectorem
1385 2699 1486 2756 audire
1505 2701 1639 2770 delectat,
1660 2705 1737 2761 unde
1758 2704 1782 2764 is

118 2791 186 2846 tatis
198 2805 215 2846 a
228 2789 288 2846 Deo
298 2787 501 2862 inpositesregi
511 2785 849 2855 nullatennscurant‚eed
858 2787 923 2856 hoc,
972 2791 1071 2858 fuerit,
1087 2789 1123 2844 de
1139 2788 1226 2856 trihu,
1241 2803 1305 2860 quas
1320 2787 1412 2843 liuzici
1433 2790 1507 2859 (770)
1521 2789 1625 2846 dicitur
1639 2793 1668 2846 et
1679 2792 1715 2849 de
1729 2810 1780 2866 pe·

116 2878 223 2936 virtute
237 2893 288 2934 sen
297 2877 361 2933 fleri
372 2877 448 2932 valet
454 2879 527 2944 arte,
539 2873 575 2931 77
587 2876 683 2931 futuro
695 2875 735 2931 nil
745 2873 858 2930 solliciti
864 2882 922 2944 ¹¹⁸⁰,
973 2881 1018 2934 tre
1031 2875 1181 2932 Thiedrico
1198 2874 1343 2948 originem
1366 2875 1478 2932 duxisse
1499 2877 1633 2951 accipies.
1650 2879 1699 2935 llic
1711 2879 1780 2952 Rig-

116 2965 287 3034 defeudunt,
305 2968 334 3022 et
349 2981 450 3022 omnes
465 2965 495 3021 in
512 2965 567 3021 boc
581 2963 701 3020 sibinon
711 2963 924 3024 consemientes
973 2967 1048 3040 dago
1064 2963 1237 3032 marchioni,
1249 2965 1482 3036 agnatosuimet.
1493 2965 1779 3025 ebinlauoiaeerrie-

115 3052 296 3112 detractione
311 3053 422 3110 777777
445 3053 605 3112 insaciabili
628 3055 849 3126 persequuntur.
866 3051 923 3109 Sed
972 3056 1033 3124 bat,
1049 3057 1079 3111 77
1088 3052 1208 3128 gemina
1220 3053 1315 3110 cordis
1329 3069 1362 3108 ac
1374 3053 1504 3128 corporis
1518 3053 1623 3112 virtute
1636 3056 1777 3128 pollebam

114 3157 169 3215 ego
184 3142 239 3198 biis
254 3159 349 3216 neque
369 3143 475 3198 suimet
498 3140 658 3198 fautoribus
672 3140 835 3212 consentio;
851 3141 922 3216 quin
972 3147 1011 3212 et,
1028 3145 1060 3200 ut
1072 3141 1183 3217 predixi
1198 3141 1711 3214 (710),1777777777(7.1707777777777
1723 3162 1779 3202 nos

113 3229 211 3304 potius
224 3229 289 3298 71177,
307 3229 355 3302 qui
371 3232 430 3288 lleo
445 3247 475 3287 se
488 3230 734 3304 potestatibusque
749 3229 785 3286 ab
804 3245 839 3286 eo
852 3245 923 3287 con·
938 3227 1154 3306 Ginsurgentes
1168 3230 1205 3287 77
1218 3229 1390 3292 citicensem
1400 3229 1534 3304 perduxit
1547 3239 1595 3280 ¹²⁸⁸
1607 3233 1777 3292 modestam.

114 3318 222 3376 stitutio
233 3319 389 3375 humiliant
398 3321 428 3376 et
437 3319 554 3384 cedunt,
564 3320 684 3392 asspiro,
697 3313 800 3393 quibus
809 3319 923 3376 videtur
971 3321 1025 3377 libi
1037 3337 1103 3376 cum
1115 3319 1172 3376 hiis
1186 3318 1326 3376 vastando
1340 3319 1566 3394 circumquaque
1587 3321 1776 3392 perlustrans,

113 3423 175 3464 sese
189 3407 291 3474 sacius,
307 3407 407 3464 omnia
421 3411 541 3480 propter
558 3409 650 3463 ileum
664 3408 735 3481 pati,
757 3423 845 3481 quam
863 3407 921 3464 liti·
970 3409 1008 3465 ad
1021 3407 1157 3464 ultimum
1172 3407 1315 3480 captivam
1333 3409 1459 3463 matrem
1478 3423 1572 3473 suam,
1592 3407 1692 3476 bosus,
1716 3425 1776 3466 non

112 3495 160 3568 gio
179 3503 227 3540 ¹¹⁸¹
243 3499 273 3551 et
287 3495 440 3552 execrabili
455 3493 583 3572 periurio
594 3495 721 3551 divinam
738 3495 920 3568 majestatem
970 3497 1056 3567 filius,
1066 3513 1133 3554 oum
1144 3496 1414 3554 omteraadduxerat
1424 3495 1517 3570 preda
1533 3497 1775 3554 Posthseerecon-

112 3583 274 3641 offendere.
302 3583 396 3641 Nostri
418 3583 646 3657 predecessores,
673 3584 731 3640 suis
758 3585 921 3644 senioribus
970 3586 1091 3656 77177777,
1106 3585 1184 3658 regis
1199 3584 1324 3642 efficitur
1337 3584 1415 3641 tertii
1430 3585 1553 3655 07777777,
1576 3588 1606 3641 77
1628 3585 1659 3642 77
1687 3601 1776 3659 parvo

112 3687 231 3745 sempor
245 3671 354 3744 fideles,
369 3672 399 3728 777
425 3675 577 3729 extraneas
598 3672 741 3741 nationes,
765 3688 799 3729 ac
814 3689 874 3729 non
890 3673 920 3729 in
969 3677 1102 3750 tempore
1113 3673 1237 3748 gratiam
1249 3675 1310 3746 ejus
1321 3677 1350 3730 77
1362 3673 1590 3732 familiaritatem
1602 3675 1775 3748 promeruit.

109 3759 230 3830 viscera,
254 3761 357 3834 optimi
379 3760 527 3819 seviebant
545 3761 660 3818 milites.
690 3761 748 3818 lloc
769 3761 921 3834 posteritas
970 3765 1092 3822 interim
1107 3763 1168 3830 1177,
1180 3761 1535 3835 comeslderseburgensis,
1546 3762 1576 3817 777
1591 3764 1775 3836 expeditione

110 3847 205 3906 discet
218 3851 248 3905 et
261 3847 319 3905 7177
330 3847 432 3922 fugiat,
451 3853 480 3906 77
495 3865 559 3923 qua·
571 3849 713 3908 mutanda
727 3853 804 3919 suut,
820 3866 880 3907 non
890 3849 921 3910 in
971 3852 1055 3922 obiit;
1075 3849 1244 3908 etGisilerus
1253 3850 1430 3923 archipresul
1437 3849 1521 3922 hujus
1530 3849 1713 3920 comitatum,
1725 3853 1773 3926 qui

111 3937 206 4011 (77777,
221 3937 273 3994 sed
284 3953 401 4012 semper
414 3937 444 3993 in
461 3936 566 3994 melius
578 3939 736 3994 transferre
746 3939 919 4027 contendat3
969 3936 1772 4013 interwipperam,etSalam,etSaltam(lt⁷),aclliller·

110 4023 604 4084 beetitudiusmoctanamlibenter
617 4026 921 4103 attendat,eorumque
970 4027 1024 4086 biri
1046 4027 1244 4102 (770),1177777
1255 4027 1344 4099 jacet,
1354 4027 1410 4084 isto
1424 4023 1576 4101 acquisivit
1584 4033 1642 4082 ¹¹⁸⁰.
1653 4029 1773 4102 iusuper

111 4112 247 4188 opposita
258 4113 383 4186 fugiens,
393 4129 458 4171 eam
475 4115 694 4188 apprchendere
708 4117 832 4173 studeat.
846 4115 921 4183 07771
969 4117 1079 4175 Zurbizi
1090 4125 1137 4165 ¹¹⁸⁷
1154 4115 1233 4188 (777)
1245 4116 1465 4189 burgwardum,
1478 4131 1568 4188 quem
1577 4118 1773 4172 antecessores

109 4201 174 4259 iilos
193 4202 318 4276 amplius
332 4201 478 4275 corripere
491 4203 535 4259 sel
546 4205 599 4261 laos
611 4205 743 4262 attollere
760 4207 836 4275 volo,
853 4221 920 4262 cum
969 4207 1012 4264 sui
1025 4207 1056 4263 in
1070 4205 1239 4264 benefitium
1251 4205 1444 4279 possiderunt,
1457 4203 1550 4261 sibiet
1564 4201 1703 4262 confratri
1712 4205 1771 4261 sui·

110 4290 309 4364 unusquisque
320 4307 373 4364 pro
384 4291 523 4364 qualitate
532 4291 575 4347 sui
589 4293 708 4349 seminis
716 4310 769 4368 pro
782 4297 861 4352 certo
872 4311 920 4352 re-
969 4298 1031 4352 met
1046 4294 1204 4351 fritherico
1217 4293 1386 4352 vendicavit.
1410 4295 1531 4368 insuper
1544 4291 1771 4368 i'laledburgam‚

109 4377 203 4452 cipiet
213 4379 341 4437 tractam
355 4379 460 4438 futuras
476 4377 716 4445 messisttdfottls.
730 4381 771 4456 v.)
784 4383 918 4457 compro
967 4383 1110 4442 Thiedrici
1132 4383 1308 4442 marchionis
1329 4381 1432 4454 filiam,
1447 4382 1528 4442 duxit
1541 4391 1599 4453 ¹¹⁸⁸,
1624 4385 1653 4440 77
1664 4375 1702 4440 717
1716 4384 1772 4442 hoc

144 4571 197 4610 ¹¹¹⁰
210 4564 379 4622 ltulfatusl.
418 4573 584 4622 0177777777
603 4570 628 4623 l.
667 4568 790 4629 uuodd.
806 4570 849 4626 71.
889 4578 937 4628 lut
953 4570 1010 4628 Sed
1025 4563 1094 4629 co'rr.
1111 4569 1186 4627 Sunt
1201 4573 1227 4628 1.
1265 4555 1482 4628 7007771777771.
1521 4555 1773 4644 ssuqnssligluc's

109 4637 153 4692 77.
170 4635 218 4690 sed
231 4634 331 4691 duodus
354 4639 476 4692 7777777.
516 4645 562 4680 ¹¹⁸¹
578 4639 776 4696 assummitate
792 4646 834 4699 la.
872 4645 1053 4716 supremum
1068 4659 1081 4700 s
1098 4659 1204 4698 7777777
1224 4645 1249 4697 7.
1289 4649 1336 4685 ¹⁸⁸⁴
1352 4656 1496 4716 pcnecor.
1520 4656 1606 4715 (77777
1623 4640 1667 4695 sed
1683 4656 1700 4696 o
1711 4651 1772 4712 post

107 4708 224 4764 777777.
263 4706 473 4782 ¹¹⁸⁸perduxt.
512 4707 673 4766 ¹²⁸⁸istoec
688 4711 836 4784 acquisivit
852 4716 876 4770 l.
916 4719 963 4756 ¹²⁸⁷
978 4712 1085 4770 curbici
1099 4716 1142 4772 77.
1181 4720 1228 4756 ¹²⁸⁴
1244 4711 1301 4770 dux
1316 4715 1342 4768 7.

883 4810 999 4870 NOTAE.

143 4901 218 4976 (777)
236 4901 300 4958 lun.
327 4905 345 4956 t
373 4917 422 4959 rer
444 4903 537 4960 adbuc
555 4902 584 4960 iu
601 4904 766 4980 iderseburg
783 4907 846 4962 fuit.
883 4907 1066 4976 V.1>tradit,
1084 4907 1770 4992 0777771777777777777377777μψι7777777

107 4973 242 5030 chartam
260 4972 391 5046 eiusdem
409 4975 485 5048 apud
503 4974 586 5032 llofer
600 4974 620 5031 1.
636 4991 655 5044 7,
669 4979 693 5031 7.
714 4979 735 5044 1,
754 4993 782 5050 p.
800 4981 861 5038 lttl.
966 4979 1081 5036 trarita
1095 4979 1163 5035 villa
1178 4978 1269 5048 Busci,
1285 4979 1372 5036 bodie
1385 4979 1505 5048 Pausitr,
1527 4978 1582 5036 sita
1603 4995 1632 5035 m
1657 4979 1770 5040 dicecesi

152 5043 221 5116 770)
240 5045 281 5101 ile
294 5045 436 5101 Lotbariis
450 5046 529 5104 conf.
540 5045 706 5105 Widulsiudi
720 5049 738 5104 1.
756 5065 775 5118 7,
790 5066 814 5108 7.
833 5055 877 5107 00.
965 5065 1026 5119 777,
1040 5049 1118 5107 baud
1134 5050 1267 5122 (7777717
1287 5049 1399 5107 civitate
1413 5049 1459 5107 Lei
1483 5049 1536 5128 rig.
1556 5051 1597 5106 lle
1611 5050 1769 5108 7111707777

156 5115 225 5182 ⁷⁸¹)
239 5115 446 5174 Wolmirstedt.
965 5138 993 5178 v.
1007 5123 1138 5178 chartam
1147 5121 1259 5180 Oltonis
1271 5122 1306 5178 lll
1319 5121 1404 5198 imp,
1418 5138 1446 5183 7.
1496 5127 1521 5196 1,
1530 5121 1612 5198 Sept.
1629 5121 1768 5186 ftdetsm

157 5189 210 5242 770
236 5186 474 5259 Tangermunde.
966 5193 1043 5270 apud
1060 5192 1195 5250 7101771.
1215 5209 1235 5262 7,
1248 5194 1271 5253 7.
1284 5194 1306 5262 l,
1321 5210 1350 5268 p.
1363 5197 1426 5258 oss.

148 5259 214 5324 (770
245 5255 326 5325 17777,
339 5255 447 5314 villain
462 5257 566 5314 vicinis
580 5258 660 5317 urbis
694 5258 830 5321 77777177.
1014 5267 1077 5330 770)
1098 5263 1145 5332 111,
1160 5265 1206 5320 70.

148 5329 226 5395 (771)
245 5327 645 5456 17777771177771777ῗ771770.
713 5330 743 5386 dt
755 5331 915 5389 odiitcomes
1013 5337 1063 5391 777
1097 5333 1178 5391 Salza
1191 5333 1250 5392 sive
1266 5333 1393 5392 Sairsea.

110 5395 284 5453 AEiflsrrdus.
308 5398 913 5470 1117777Ν7777.1.77717.,771.100771.
1011 5407 1062 5460 770
1090 5405 1289 5464 Wildenbech.
1311 5406 1400 5464 fluvii
1423 5403 1472 5480 qui
1495 5401 1767 5463 mollissume
1880 5405 1885 5422 “

111 5469 188 5523 aun.
204 5466 318 5536 Quadi,
333 5485 362 5524 7.
377 5473 456 5530 7007.
472 5471 605 5528 Notauda
628 5475 727 5530 tamen
749 5471 780 5528 iu
803 5473 915 5532 Necrol.
966 5475 1157 5534 nominantur
1167 5481 1266 5549 aperte
1280 5477 1410 5535 indicant
1423 5473 1593 5534 comitatum
1613 5477 1689 5533 hunc
1704 5493 1767 5534 uva·

113 5537 249 5596 7777777
270 5580 291 5606 .,
302 5539 408 5620 1777177.
422 5546 453 5598 lt
462 5543 602 5616 ascriptos
614 5560 675 5600 esse
687 5543 838 5602 Tadonem
846 5545 917 5602 occi-
966 5546 1075 5604 rimam
1088 5545 1510 5622 partemterreellcnsteldeusis
1518 5545 1769 5607 ambitusuocon·

111 5613 224 5666 sumet
280 5609 436 5668 7711777777
448 5613 568 5676 lucum.
966 5617 1097 5678 77777777.
1114 5619 1181 5678 Ues.

150 5678 225 5754 (770)
244 5625 368 5740 lfmilu
390 5683 509 5759 quidem
532 5685 919 5762 717711,’71777177777777777
1002 5686 1080 5764 Olli)
1097 5689 1230 5764 zoerbiq.
