3882 6170
227 365 279 423 td'l
744 366 774 423 S.
788 363 936 424 ABBONIS
954 363 1098 426 nastris
1116 362 1364 426 ltoamuarsrs
1793 382 1836 438 ssa

231 484 653 561 ttot.v111,not,quiad0num
677 488 767 546 sancti
785 488 908 562 Spiritus
928 488 1029 560 gratie
1038 506 1066 567 Α
1083 489 1333 563 predecessorum
1353 496 1513 549 vestrorum
1532 510 1629 568 regum
1650 492 1699 552 illis
1718 513 1840 557 assensum

229 576 322 648 pretio
347 576 531 646 comparasti,
549 581 578 632 et
592 578 799 634 commercium
822 579 986 634 miserabile
1000 578 1029 634 in
1082 580 1212 652 prebete
1229 581 1358 637 conciliis
1371 582 1473 654 quibus
1490 598 1542 654 per
1560 583 1798 642 reconciliationem
1808 606 1844 644 res

230 665 394 720 animarum
409 664 932 740 exitiumperegisti(Lit.Dcdi'pnitute
945 684 1032 724 sucar-
1081 670 1195 740 publica
1210 670 1378 726 melioratur
1388 673 1418 725 et
1434 671 1551 726 crescit:
1568 672 1641 744 quia,
1655 673 1677 728 si
1698 690 1843 748 quocunque

228 754 321 820 detuli,
338 768 400 823 cap.
413 755 451 825 5).
466 755 529 809 Hmc
545 761 658 810 sanctus
673 757 716 811 vir
730 774 787 829 quo
803 758 901 813 animo
915 756 1029 823 dixerit,
1082 757 1274 814 conciliabulo
1296 758 1413 814 alterius
1443 759 1551 830 praedia
1569 761 1611 815 vel
1639 761 1846 832 possessiunculas

228 855 262 894 ex
277 844 507 912 praecedentibus
521 847 550 900 et
579 845 819 918 corrscquentibus
842 846 925 902 lacile
946 846 1031 901 datur
1082 847 1155 902 alter
1166 845 1282 918 privatis
1296 847 1418 919 negotiis
1432 847 1498 903 velit
1511 847 1563 902 sibi
1576 847 1769 916 adscriberetur
1783 849 1845 914 ideo,

225 928 358 1002 intelligi.
1081 935 1179 992 fratris
1199 935 1320 1004 damno,
1345 937 1497 1008 pecuniam
1530 953 1582 1010 per
1612 953 1687 992 arcus
1713 941 1739 992 et
1759 939 1849 994 luculos

262 1019 417 1085 Quodvero
434 1021 473 1077 illi
490 1023 538 1096 qui
553 1023 688 1079 dicuutur
703 1023 859 1080 Simoniaci
873 1024 959 1080 laicos
972 1041 1029 1079 sum
1083 1017 1285 1098 aggregando,
1302 1024 1379 1080 sitim
1402 1043 1460 1082 suaa
1474 1025 1599 1082 avaritiae
1617 1025 1849 1098 exstingueremus

229 1108 449 1167 immiscuerunt
474 1113 683 1183 maledictioni,
701 1115 832 1186 exemplo
862 1115 1031 1170 factumest
1082 1113 1852 1190 observatatricennalilegeqnaeemanavitexcunstitu·

228 1200 423 1268 sacerdotum,
441 1200 489 1273 qui
512 1202 549 1258 ad
572 1201 766 1276 ministerium
781 1202 938 1259 Dominicae
965 1218 1030 1275 pas-
1084 1201 1164 1258 tione
1180 1200 1346 1274 principum
1375 1203 1853 1271 seuauctoritatecanunum,sciatis

226 1287 314 1344 sionis
329 1289 589 1362 adjunxeruntsibi
600 1291 724 1348 Pilatum
736 1293 765 1346 et
778 1291 921 1348 Herodem
927 1290 1032 1363 princi·
1088 1291 1191 1364 procul
1209 1289 1296 1347 dubio
1308 1293 1385 1364 quod
1397 1293 1434 1349 ad
1449 1293 1560 1350 voshoc
1574 1293 1681 1349 malum
1692 1291 1806 1366 respicit,
1816 1292 1856 1364 qui

225 1393 275 1450 pes
290 1396 347 1434 snm
356 1379 459 1451 gentis.
473 1380 885 1454 Necillndnuslatetquodpru
898 1380 1031 1451 hujusce·
1084 1379 1194 1435 idcirco
1210 1379 1294 1452 regni
1309 1381 1420 1453 apicem
1436 1383 1550 1450 tenetis,
1577 1387 1608 1439 ut
1617 1383 1723 1454 justum
1736 1379 1855 1452 judicium

227 1467 306 1522 modi
323 1468 473 1540 episcopis,
489 1469 538 1541 qui
564 1487 623 1525 non
640 1486 693 1541 pro
707 1470 770 1524 vitm
796 1469 901 1526 merito
917 1469 961 1524 vel
987 1486 1031 1524 sa·
1086 1467 1351 1526 omnibuslaciatis.
1373 1473 1427 1526 Pro
1444 1471 1522 1527 vohis
1536 1470 1673 1528 nimirum
1688 1469 1801 1526 dominis
1814 1485 1856 1524 no·

226 1555 344 1629 pientiae
363 1557 505 1626 doctrina,
517 1558 567 1613 sed
579 1558 885 1630 magiseligumturpro
896 1557 1031 1631 pecunia·
1085 1559 1150 1614 stris
1169 1556 1365 1629 unusquisque
1390 1560 1585 1631 subjectorum
1606 1561 1643 1615 ad
1666 1560 1752 1615 Deum
1771 1557 1860 1612 clamat

225 1660 290 1699 rum
314 1661 429 1700 summa
459 1647 596 1714 unanima,
626 1647 834 1702 discordiarum
872 1663 973 1702 semen
1003 1649 1033 1700 et
1084 1651 1113 1703 et
1128 1647 1217 1709 dicit:
1244 1650 1316 1706 Deus
1335 1649 1722 1721 judeciumtuumregidmct
1741 1647 1860 1718 justitium

228 1732 436 1790 detrimentum
453 1751 544 1808 regno
570 1739 724 1804 accrescat,
742 1739 814 1792 teste
833 1735 983 1808 Gregorio,
999 1733 1029 1791 in
1085 1744 1159 1796 tuum
1173 1741 1228 1810 filio
1247 1741 1317 1812 repis
1333 1757 1339 1794 ι
1350 1739 1477 1811 judicare
1485 1738 1617 1810 populum
1631 1745 1706 1792 tuum
1729 1744 1754 1790 tn
1761 1735 1860 1806 jvolitiu,

226 1823 352 1896 Epistola
379 1824 415 1880 ad
429 1825 661 1880 theodebertum
677 1829 706 1880 et
720 1824 929 1881 Theodericum
946 1840 1030 1896 reges
1044 1832 1070 1892 Β
1083 1835 1108 1884 et
1118 1847 1247 1904 pauperes
1260 1837 1318 1886 taos
1337 1831 1365 1883 in
1383 1827 1487 1900 judicio
1508 1827 1600 1893 (Psoi.
1630 1830 1730 1895 amul,
1742 1825 1777 1896 tl.
1801 1823 1862 1888 one

226 1913 342 1987 scripta:
354 1913 794 1986 aFertur,inquit,Simoniacam
807 1913 952 1981 heresim,
967 1929 1031 1985 qnae
1081 1935 1147 1974 rum
1175 1937 1309 1976 versuum
1343 1935 1442 1974 sensus
1462 1917 1596 1989 quamvis
1619 1915 1718 1973 referri
1738 1914 1819 1986 possit
1834 1911 1863 1967 ad

226 2002 321 2075 prima
331 2005 434 2058 contra
446 2002 602 2058 Ecclesiam
613 2002 755 2058 diabolica
765 2001 947 2075 plantatione
961 2003 1029 2057 sub·
1084 2009 1172 2066 neum
1185 2007 1441 2066 patremomninm
1453 2006 1615 2079 liliumque
1622 2005 1682 2077 ejus
1690 2003 1864 2076 unigenitum,

226 2091 326 2164 repsit,
338 2095 368 2147 et
391 2092 420 2146 iu
434 2091 494 2164 ipso
509 2095 574 2147 ortu
590 2109 640 2148 suu
660 2093 717 2148 telo
733 2090 897 2164 apostolicae
912 2089 1030 2146 ultionis
1081 2099 1182 2154 tamen
1200 2097 1272 2154 nihil
1285 2095 1541 2168 obestinteltigide
1558 2099 1678 2152 terreno
1687 2110 1754 2168 rege
1761 2090 1865 2166 precari,

226 2185 453 2254 percussautque
466 2181 605 2236 damnata
619 2183 671 2248 est,
684 2180 714 2235 in
727 2179 811 2251 regni
830 2178 914 2234 vestri
924 2178 1030 2234 linibus
1081 2188 1112 2241 ut
1122 2186 1235 2258 judicet
1257 2187 1398 2261 populum
1424 2202 1484 2241 non
1499 2201 1549 2241 suo
1565 2185 1617 2241 sed
1629 2185 1680 2240 Dei
1696 2181 1810 2255 judicio,
1829 2178 1865 2234 cui

228 2269 395 2336 dominari3
411 2285 477 2324 cum
495 2269 525 2324 in
545 2268 741 2326 sacerdotibus
756 2269 827 2324 fides
840 2267 876 2324 sit
894 2267 1030 2339 eligenda
1078 2275 1393 2332 rationemredditurus
1405 2279 1449 2330 est
1462 2274 1552 2330 etiam
1568 2273 1605 2330 de
1619 2272 1711 2330 otioso
1721 2272 1812 2327 verbu.

227 2375 293 2414 cum
308 2357 396 2412 vita.»
414 2359 517 2430 Etposl
524 2373 653 2431 paueat«
662 2357 733 2413 Hinc
743 2373 802 2412 11011
817 2359 910 2412 solum
918 2355 1029 2411 inordi·
1117 2366 1232 2422 Necme
1243 2369 1337 2422 vestro
1353 2363 1535 2438 aliorumque
1560 2362 1737 2436 sapientium
1759 2357 1868 2416 examini

226 2446 335 2502 natoris
350 2447 511 2502 etordillati
519 2447 648 2502 animam
662 2447 767 2500 lethale
776 2445 877 2500 Vulnus
888 2443 1028 2521 infigitur,
1081 2455 1219 2510 subduco:
1232 2454 1280 2528 qui
1292 2458 1395 2511 contra
1404 2470 1530 2509 canones
1543 2452 1672 2510 sensisse
1682 2451 1835 2524 suspicitur,
1846 2447 1871 2502 in

226 2552 327 2591 verum
352 2535 439 2591 etiam
455 2535 631 2592 excellentiae
645 2537 746 2590 restrae
769 2550 894 2606 regnum
918 2533 1029 2606 episco-
1082 2543 1231 2616 episcopos
1252 2543 1465 2598 monachornm
1480 2557 1605 2596 mianum
1620 2539 1743 2597 movisse
1761 2552 1871 2614 accusor,

228 2641 332 2698 porum
347 2625 441 2697 culpa,
467 2641 591 2697 quorum
607 2623 858 2680 intercessionibus
868 2623 963 2694 juvari
979 2622 1029 2678 de·
1080 2633 1205 2687 vestram
1217 2629 1450 2687 benevolentiam
1462 2628 1731 2704 proprioepiscopo
1744 2627 1874 2684 abstulisse

227 2714 339 2784 buerit,
352 2716 582 2787 llffflssffllaiUM
594 2712 755 2769 Aedeifldssi
771 2712 877 2784 «liuor
888 2727 957 2784 “8⁰
967 2727 1029 2767 me·
1081 2720 1282 2794 blasphemor,
1303 2719 1477 2793 quibusdam
1500 2717 1762 2776 excommunicatis
1775 2713 1874 2788 partici-

227 2804 337 2860 tuenda
353 2807 404 2872 ¹est
430 2803 500 2859 locis
529 2802 585 2858 illis
616 2804 680 2860 sore
701 2802 860 2870 calamitaS,
889 2801 939 2856 ubi
958 2801 1030 2856 tales
1082 2825 1165 2881 passe
1177 2808 1327 2864 criminor,
1345 2807 1403 2864 Sed
1418 2810 1490 2864 esto,
1503 2806 1555 2864 Cui
1566 2807 1724 2864 sententies
1747 2819 1876 2862 canonum

228 2893 432 2949 intercessores
447 2892 484 2947 ad
496 2893 593 2948 locum
607 2892 758 2966 regiminis
773 2891 966 2958 adducuntur,
980 2889 1029 2962 qrri
1085 2895 1258 2963 contradixi,
1273 2894 1414 2967 quintillo
1431 2894 1552 2952 concilio
1575 2895 1623 2950 vix
1637 2899 1773 2969 apertum
1783 2893 1877 2948 librum

227 2981 278 3038 llei
293 2981 323 3037 in
337 2999 367 3036 se
383 2980 476 3054 magis
491 2981 671 3038 iracundiam
686 2983 853 3053 provocent,
874 2995 963 3053 qnam
978 2995 1030 3050 per
1086 2983 1185 3040 videre
1211 2983 1313 3056 potni‘l
1327 2988 1376 3039 aut
1390 2984 1466 3056 quod
1480 2983 1639 3039 concilium
1670 2982 1742 3038 illud
1759 2981 1820 3046 luit,
1839 2977 1879 3034 ubi

226 3070 396 3143 semetipsos
409 3070 521 3144 populis
530 3073 644 3143 placare
660 3071 889 3126 debuerantNec
900 3070 1030 3140 hecquo·
1083 3072 1227 3128 conciliati
1243 3076 1419 3128 veneruntet
1427 3071 1619 3128 disconciliati
1634 3072 1879 3137 recesserunt,cum

229 3176 284 3233 que
299 3162 409 3215 malum
424 3159 584 3215 sollicitudo
602 3163 700 3214 nostra
726 3159 834 3232 patitur
847 3156 1030 3229 negligenter
1043 3129 1067 3188 C
1081 3160 1120 3215 ibi
1137 3159 1283 3216 discordes
1296 3160 1477 3216 reconciliari
1497 3160 1668 3230 debuerint,
1685 3165 1736 3217 aut
1758 3155 1883 3215 canonica

230 3248 375 3317 omittere,
392 3231 469 3321 quod
492 3249 620 3320 quidam,
646 3248 783 3303 instinctu
810 3247 910 3319 gloriae
936 3245 1031 3300 inanis
1082 3248 1260 3304 districtione
1273 3248 1498 3323 mulctari‘lquid
1513 3248 1542 3306 in
1557 3267 1609 3306 rne
1621 3249 1808 3323 singulariter
1817 3259 1883 3300 com

228 3337 315 3393 illecti
324 3355 358 3392 ex
370 3337 442 3392 laico
461 3339 581 3408 repente
594 3337 694 3392 habitu
714 3334 866 3391 sacerdotii
887 3334 1030 3389 bonorem
1082 3336 1225 3392 miserunt
1238 3337 1375 3410 episcopi,
1392 3341 1423 3393 ut
1438 3337 1478 3394 eis
1493 3339 1599 3394 saltem
1609 3335 1884 3412 cogitationeobesse

228 3425 381 3497 arripiunt,
408 3427 447 3491 et,
469 3425 547 3498 quod
563 3424 658 3479 dicere
673 3424 764 3497 pudet
789 3426 916 3495 etgrave
936 3427 1031 3477 tatere
1082 3425 1420 3500 voluerim3proesertirn
1431 3443 1496 3482 cum
1512 3443 1573 3484 non
1585 3427 1758 3491 inimicum,
1777 3424 1825 3480 sed
1838 3421 1885 3476 fide

228 3517 281 3581 est,
311 3514 431 3586 regendi
456 3517 593 3580 rectores,
609 3517 639 3568 et
655 3512 705 3584 qui
735 3511 858 3568 ducendi
888 3515 955 3567 sunt
981 3511 1032 3567 do·
1084 3517 1211 3587 stupere
1228 3515 1437 3572 amicissimum
1453 3515 1590 3590 graviora
1606 3510 1887 3590 perieulapertulisse

232 3606 335 3672 ctores,
351 3619 404 3657 nec
417 3602 588 3656 erubescant
602 3601 702 3670 videri,
719 3618 772 3657 nec
794 3603 926 3656 metuant
938 3601 968 3666 ,t
994 3617 1032 3669 rx,
1085 3603 1261 3676 contigerit?
1277 3605 1346 3661 Ecce
1357 3621 1456 3662 eoram
1464 3604 1761 3662 DeoiaChristonon
1775 3600 1889 3660 mentior

232 3691 320 3764 Epist.
344 3693 431 3762 lldlui
463 3693 521 3746 lluc
545 3709 634 3764 usque
658 3691 686 3747 S.
710 3690 873 3764 Gregorius.
905 3689 1033 3762 Cumque
1085 3691 1160 3765 (Gal.
1177 3710 1196 3762 r,
1213 3693 1268 3765 20),
1281 3694 1359 3766 quia,
1374 3693 1474 3750 audita
1491 3693 1720 3768 insequentium
1736 3693 1889 3750 conclama·

231 3779 1034 3854 hujusmodipruelatiavaritiaeintentiecclosiasfunditus
1087 3780 1174 3848 tione,
1189 3783 1264 3837 ultra
1279 3799 1367 3855 quarn
1384 3782 1439 3838 diei
1468 3783 1559 3854 possit
1575 3783 1708 3852 indolui,
1735 3781 1891 3840 recordatus

232 3871 308 3927 dirui
317 3871 422 3938 sinant,
439 3886 535 3925 mores
547 3869 744 3941 subjecturum
760 3885 810 3925 suo
823 3869 956 3940 exemplu
968 3884 1034 3940 per·
1084 3869 1212 3942 pristinae
1228 3869 1361 3926 amicitiae
1377 3873 1406 3925 et
1419 3870 1634 3928 beneficiorum
1649 3871 1728 3929 tanti
1749 3870 1811 3939 viri,
1822 3867 1893 3938 cujus

233 3960 313 4027 dant,
329 3975 400 4032 quos
424 3959 569 4031 corrigere
594 3959 764 4024 debuerant,
784 3960 873 4012 restat
889 3959 920 4012 ut
934 3956 1034 4012 delen·
1086 3958 1134 4013 nix
1148 3957 1250 4031 capitis
1264 3959 1456 4014 reverendum
1470 3959 1615 4028 ostendit,
1631 3965 1760 4035 excepta
1772 3955 1894 4034 primatis

232 4065 310 4106 sores
323 4048 508 4104 ecclesiarum
520 4048 726 4103 aclundutores
736 4063 836 4102 aarum
847 4045 1034 4118 heredesque
1085 4046 1311 4119 praerogativaet
1325 4047 1496 4104 sacerdotati
1514 4048 1622 4105 infula.
1635 4049 1703 4115 Qua
1716 4045 1894 4122 suggestione

231 4139 420 4195 fundaturum
443 4157 472 4193 sc
496 4137 667 4192 subtrahant
693 4153 794 4192 eornm
823 4134 1033 4202 communioni,
1085 4150 1134 4190 vos
1146 4134 1256 4208 decepi,
1273 4139 1438 4192 utvestram
1454 4137 1705 4195 benevolentiam
1718 4136 1837 4212 optimis
1853 4149 1896 4188 au-

232 4245 270 4284 ne
290 4227 443 4300 participes
458 4227 516 4280 sint
539 4227 761 4282 maledictionis.
790 4226 998 4280 Verumtamen
1011 4225 1034 4278 si
1085 4215 1210 4292 ferretis,
1233 4225 1309 4280 male
1325 4225 1435 4280 meritis
1447 4225 1653 4284 conferretis?
1668 4229 1748 4283 Num
1763 4242 1816 4298 ego
1831 4225 1897 4278 Deus

231 4316 373 4372 catholica
398 4316 434 4369 sit
463 4315 638 4386 pontificalis
678 4313 838 4370 sublimitas
865 4318 894 4368 et
931 4313 1036 4384 regalis
1085 4329 1149 4367 sum
1166 4312 1215 4384 qui
1230 4315 1324 4368 mutat
1337 4316 1461 4381 mentes,
1477 4317 1573 4371 mutat
1592 4332 1696 4390 regna
1711 4320 1743 4374 et
1758 4309 1899 4387 tempora?

234 4407 380 4478 majestas,
391 4421 474 4477 aqua
488 4406 571 4460 lance
590 4407 692 4475 pensat
710 4404 858 4475 utriusque
870 4405 1034 4471 auctoritas,
1046 4417 1072 4476 1)
1085 4399 1157 4456 Vere
1170 4401 1264 4457 fateor
1276 4417 1323 4458 mc
1337 4403 1481 4476 magicam
1493 4403 1650 4476 ignorare,
1663 4402 1898 4477 necaliquidma·

233 4499 265 4550 ut
280 4494 392 4568 prosint
406 4491 537 4548 Ecclesia
546 4510 634 4564 quarn
645 4491 1034 4548 Christusredemitsuosau·
1085 4488 1302 4546 larumartiurn
1325 4489 1467 4548 didicisse.
1488 4492 1569 4548 Unde
1585 4493 1639 4550 ille
1664 4493 1777 4568 quide
1801 4492 1853 4546 hac
1874 4502 1901 4542 re

232 4583 319 4654 guine
331 4574 424 4651 snam
442 4582 518 4637 illius
529 4581 693 4636 sublimitas
706 4582 771 4652 lege
791 4579 907 4636 Domini
921 4579 1036 4652 spirita·
1086 4580 1193 4633 contra
1208 4595 1253 4635 me
1269 4579 1410 4652 queritur,
1424 4580 1575 4636 neminem
1591 4585 1712 4654 praeter
1722 4581 1901 4638 vosincusare

179 4707 186 4722 .
232 4673 297 4728 liter
308 4671 423 4745 pupulis
448 4669 628 4743 pronuntiat,
646 4685 733 4742 quam
749 4668 830 4724 istius
853 4669 999 4741 majestas,
1012 4669 1035 4724 si
1085 4663 1208 4734 videtur,
1217 4668 1276 4740 qui,
1288 4669 1387 4724 relicto
1395 4669 1512 4725 tramite
1522 4669 1904 4742 equitatimbenellciurum

231 4760 400 4828 accessesit,
413 4774 561 4814 armorum
572 4758 952 4814 detensionecommendat:
968 4775 1036 4831 qua·
1086 4753 1147 4826 ejus
1162 4755 1387 4813 vicissitudinem
1402 4759 1563 4830 rependere
1573 4759 1767 4833 neglexistis.
1785 4761 1842 4815 Aut
1854 4756 1905 4812 lor·

231 4853 350 4922 propter
376 4846 538 4904 cavendum
566 4851 609 4904 est
631 4865 667 4903 ne
683 4848 719 4902 ab
744 4847 866 4903 invicem
893 4846 1033 4916 resiliant,
1084 4844 1159 4900 tasse
1184 4846 1274 4918 regiae
1300 4846 1458 4920 majestatis
1486 4847 1705 4906 auctoritatem
1730 4841 1905 4908 contemnet

231 4954 355 5011 qnorum
371 4936 532 4992 adinvicem
540 4935 1033 4992 ministeriaeoncordaut.Sedcon·
1086 4929 1391 5009 Quantulumcumque
1415 4953 1464 4992 vus
1479 4937 1682 5010 exacerbavit,
1698 4933 1906 4996 {exacerbando

229 5026 438 5082 cardiacorum
452 5025 483 5082 in
500 5025 619 5082 diversis
634 5025 735 5081 olsrciis
746 5028 826 5081 tanto
836 5025 889 5080 sihi
899 5023 1031 5091 consulit,
1085 5020 1220 5094 irritavit,
1246 5025 1389 5080 irritando
1418 5024 1549 5094 offendit,
1581 5025 1779 5086 offendendo
1798 5027 1908 5100 placare

229 5119 338 5189 quantu
348 5116 528 5172 unanimiter
538 5113 1032 5171 consulendodecemminiutilitate
1084 5117 1210 5184 distulit,
1239 5119 1268 5170 et
1281 5131 1334 5187 pru
1350 5114 1456 5170 talibus
1470 5115 1623 5173 beneficiis
1638 5119 1777 5175 miratur
1788 5117 1842 5172 sibi
1861 5115 1910 5167 im·

227 5205 324 5259 sentit.
350 5205 392 5260 Ob
411 5206 466 5261 buc
484 5205 670 5276 antiquorum
701 5204 888 5260 conciliorum
917 5201 1032 5276 paginis
1086 5207 1174 5280 pendi
1191 5205 1365 5261 muiruscula
1374 5205 1459 5275 justa
1470 5201 1911 5278 recompensationis3necsibi

226 5295 416 5366 praefiguntur
443 5293 564 5349 nomina
587 5295 798 5365 imperatorum
822 5293 865 5346 vel
881 5292 1031 5346 consulum
1081 5297 1208 5369 imputat
1223 5295 1481 5369 quodpromeruit,
1497 5295 1547 5351 sed
1562 5295 1859 5354 crimentraeslerre
1870 5291 1910 5348 ui·

225 5399 349 5456 qnorum
362 5383 460 5439 favore
486 5398 660 5453 magnorum
691 5381 791 5436 habita
812 5383 878 5435 sunt
901 5382 1031 5437 consulta
1084 5387 1153 5441 titur
1167 5385 1198 5441 in
1212 5383 1370 5458 perniciem
1385 5381 1506 5439 insontis
1522 5403 1529 5440 :
1545 5383 1568 5439 si
1586 5387 1678 5442 enim
1694 5387 1774 5443 nihil
1798 5402 1850 5442 vos
1862 5399 1913 5440 no·

167 5521 171 5530 ,
226 5469 897 5545 episcoporum,quisemperpriusdiligenter
921 5469 1029 5525 discus·
1080 5474 1171 5530 cuissr
1198 5473 1318 5548 putavit,
1346 5473 1414 5528 dum
1441 5476 1540 5528 nostra
1567 5475 1655 5544 tulit,
1696 5478 1837 5550 prolecto
1862 5488 1912 5529 nec

225 5565 326 5616 serunt
339 5561 375 5616 de
391 5559 599 5630 lideipuritate,
612 5574 683 5630 quos
694 5558 816 5614 concilio
830 5557 933 5631 dignos
946 5575 1028 5633 repe·
1084 5564 1219 5621 dominos
1234 5565 1400 5619 uestrarum
1427 5577 1525 5618 rerum
1541 5579 1621 5632 esse,
1649 5581 1711 5622 nee
1743 5567 1914 5624 defensores

223 5651 317 5708 rirent
342 5665 377 5706 ex
405 5647 517 5706 ordina.
550 5647 757 5720 Quamobrem,
782 5646 913 5722 piissimi,
935 5666 1022 5712 more
1082 5652 1213 5725 eredidit
1227 5652 1361 5713 siautem
1381 5650 1575 5726 cremutius
1591 5669 1726 5716 mecum
1747 5657 1838 5730 laesit,
1861 5670 1912 5714 uec
