4022 6188
92 401 1753 470 ω

793 569 866 609 ΑΝΝΟ
890 569 984 612 eculei
1004 571 1059 610 llxv

622 755 1155 900 HHNRICUS
1225 813 1232 824 ·

497 1056 903 1168 elenensis
931 1052 1383 1172 EPISCOPUSll

847 1271 1021 1296 *—

778 1465 1075 1569 ueneror

294 1685 579 1818 SERMO
620 1685 733 1810 DE
773 1679 1210 1816 PASGHATE
1249 1684 1556 1820 DOMINI

579 1897 685 1973 {Edidit
698 1899 764 1960 ider,
776 1897 878 1970 Script.
894 1901 946 1952 ret.
965 1895 1035 1966 Coit,
1050 1913 1111 1956 nov.
1131 1897 1188 1966 Vll,
1204 1897 1280 1970 271.)

138 2175 545 2253 Redemptiouisnoslrcedies,
553 2174 814 2244 cbarissimi,lanto
824 2174 907 2232 nobis
916 2180 945 2240 Α
960 2175 1064 2233 moleri
1073 2177 1202 2250 jubetur,
1212 2195 1269 2252 quo
1281 2177 1393 2253 typicus
1399 2179 1447 2236 ille
1459 2182 1581 2254 populus
1589 2180 1761 2240 insuetoeeo·

99 2272 145 2326 est
159 2267 328 2342 propensius
342 2265 528 2322 honorandus
538 2267 568 2320 et
577 2264 683 2320 celebri
695 2261 848 2320 devotione
860 2281 908 2320 re·
958 2265 1110 2322 mestionis
1125 2283 1206 2322 more
1226 2271 1406 2325 vesceretur:
1425 2269 1497 2326 sicut
1511 2269 1537 2328 ei
1552 2271 1730 2344 perbloysen
1744 2287 1762 2328 a

69 2351 77 2360 '
101 2356 251 2423 colendus,
265 2357 374 2429 quanto
394 2353 492 2410 salutis
516 2357 623 2408 nostrie
648 2352 754 2425 gaudio
780 2353 908 2408 dicatum
959 2354 1087 2410 homino
1101 2354 1318 2412 demonstratur
1332 2374 1339 2412 :
1353 2356 1563 2431 limminquil,
1575 2361 1764 2416 eestmsecein·

102 2448 186 2503 illum
202 2443 475 2518 agnoscimushicet
488 2441 567 2498 enim
584 2444 754 2498 caeterarum
769 2441 909 2498 festivita·
957 2445 1034 2512 petis,
1047 2442 1229 2498 calceamento
1245 2445 1373 2502 habebitis
1396 2447 1424 2501 in
1433 2447 1555 2519 peditem,
1578 2453 1605 2504 et
1627 2447 1764 2506 medem

103 2539 168 2591 tum
184 2534 244 2590 dies
258 2533 295 2589 ad
312 2535 443 2590 nostrum
455 2530 512 2588 sint
521 2530 644 2586 instituti
652 2530 791 2602 gaudium
804 2535 909 2604 etpro·
957 2530 1128 2604 festinanter.
1146 2530 1203 2586 Sed
1218 2533 1296 2604 quod
1306 2532 1347 2589 illi
1360 2533 1391 2590 in
1403 2534 1552 2590 occidente
1569 2534 1644 2607 legis
1656 2534 1764 2606 littere,

101 2625 225 2692 leolum,
244 2621 291 2678 hic
314 2623 425 2688 lamen,
448 2620 497 2693 qui
513 2619 732 2676 resurrectionis
748 2621 791 2675 est
803 2623 909 2677 nostre
958 2618 1014 2674 hoc
1029 2634 1082 2674 nos
1097 2617 1269 2676 vivificantis
1283 2620 1399 2693 spiritus
1412 2622 1556 2680 custodire
1580 2621 1720 2681 debemus
1732 2623 1764 2682 in

104 2711 289 2782 mysterium,
301 2708 433 2765 salutiset
441 2707 790 2780 exsultationisprivilegia
798 2709 911 2766 obtinet
959 2706 1063 2779 gratia.
1079 2708 1183 2764 Littera
1199 2712 1387 2781 eumoccidit,
1412 2715 1520 2785 spiritus
1530 2720 1619 2771 eutem
1635 2715 1765 2785 vivificat.

104 2799 305 2873 principatum
317 2819 323 2854 :
334 2797 407 2854 sicut
416 2813 468 2868 per
480 2795 770 2852 Psalmistamdicilur
781 2813 787 2850 :
800 2786 910 2851 Herest
961 2796 1035 2862 Quid
1053 2813 1123 2869 crgo
1139 2814 1191 2870 per
1208 2798 1375 2872 AEgyptm,
1387 2801 1442 2857 nisi
1457 2802 1576 2858 tenebras
1587 2801 1765 2876 accipimus?

105 2889 162 2942 dies
176 2905 259 2960 quam
267 2888 334 2958 fecit
347 2884 656 2953 Dominus,eesettemes
668 2893 693 2938 et
706 2883 909 2953 buleuterium,
961 2886 990 2938 et
1004 2884 1073 2956 quid
1087 2886 1185 2956 phase,
1207 2886 1261 2942 nisi
1288 2891 1432 2944 transitum
1451 2888 1660 2946 nominamus?
1673 2891 1765 2948 Phess

105 2978 174 3033 Haec
188 2979 241 3045 est,
252 2976 383 3048 iuquam,
397 2974 496 3030 diesin
507 2972 728 3046 quaviventibus
736 2971 912 3045 gaudiumet
961 2971 1061 3043 igitur,
1069 2989 1123 3045 pro
1132 2991 1188 3046 quo
1202 2977 1319 3047 pascha,
1336 2976 1372 3032 sit
1393 2976 1459 3032 licet
1473 2977 1581 3050 lingue
1593 2979 1709 3034 altanus
1720 2994 1766 3035 aa·

113 3065 238 3121 mortuis
253 3066 407 3136 prestatur
421 3061 622 3134 refrigerium:
637 3061 699 3117 heec
714 3063 767 3129 est,
780 3061 911 3133 iuquam,
962 3060 1095 3132 cipimus,
1111 3065 1189 3118 recte
1205 3062 1395 3132 celebremus,
1415 3079 1481 3119 cum
1503 3064 1540 3120 de
1569 3064 1673 3121 veteris
1691 3065 1765 3139 legis

106 3155 171 3210 dies
185 3169 272 3227 quam
286 3152 339 3209 sibi
362 3150 502 3207 Dominus
521 3151 684 3223 specialiter
698 3149 864 3218 vindicavit,
880 3152 914 3224 ,et
964 3147 1093 3204 tenebris
1109 3148 1146 3203 ad
1159 3166 1240 3206 nove
1255 3151 1357 3223 gratie
1372 3152 1466 3208 lucem
1478 3152 1659 3222 venimus,el
1676 3151 1766 3209 inler·
1876 3205 1886 3228 ,

102 3241 262 3316 sanguinis
276 3241 318 3297 sui
330 3239 423 3313 pretio
433 3238 687 3296 elresurrectionis
701 3238 792 3310 glorie
803 3237 916 3294 dedica·
966 3235 1045 3292 nalia
1059 3238 1182 3294 claustra
1193 3239 1299 3294 coelesti
1316 3239 1385 3295 sede
1394 3245 1618 3310 commutamus,
1636 3243 1766 3314 apostolo

111 3334 170 3401 vil;
186 3348 239 3405 pro
255 3329 338 3386 nobis
353 3328 431 3385 enirn
442 3331 573 3384 mortuus
589 3327 744 3383 resurrexit
755 3344 915 3400 nunquam,
967 3325 1051 3380 Petro
1065 3328 1137 3382 teste
1153 3327 1202 3399 qui
1221 3326 1278 3383 ait:
1293 3327 1387 3385 Erotis
1402 3329 1546 3402 aliquanda
1562 3330 1683 3399 tenebre,
1694 3345 1767 3388 nunc

110 3421 272 3479 secundum
286 3417 407 3492 apostoli
418 3416 494 3473 Petri
504 3416 690 3487 sententiam,
706 3417 874 3484 moriturus,
886 3418 917 3472 ut
965 3419 1056 3470 autem
1070 3415 1116 3470 lus
1129 3416 1158 3470 ie
1171 3415 1298 3474 Domino.
1320 3417 1355 3472 Et
1372 3419 1458 3493 paulo
1481 3421 1547 3492 post
1560 3435 1614 3475 nos
1628 3419 1768 3477 admonet

110 3527 179 3568 eum
195 3525 229 3566 eo
245 3508 353 3582 pariter
366 3505 404 3562 ad
426 3505 561 3560 virtutem
591 3502 697 3560 avitiis
720 3519 915 3576 resurgamus.
927 3501 952 3560 B
966 3504 1088 3561 dicens:
1113 3506 1234 3577 Populus
1261 3509 1453 3581 acquisitionis,
1477 3509 1635 3566 maeotidis
1657 3510 1768 3566 virtutes

111 3599 246 3665 Christus,
261 3595 365 3668 iuquit,
379 3609 519 3664 reserpere
538 3610 554 3646 a
569 3595 681 3647 mortuis
689 3593 753 3663 jam
767 3608 820 3646 nore
833 3593 916 3648 mori·
966 3592 1022 3662 ejus
1034 3594 1082 3661 oui
1097 3609 1141 3648 vos
1155 3597 1261 3651 cacavit
1274 3597 1302 3650 in
1317 3597 1474 3654 admirabile
1484 3598 1573 3656 tanen
1586 3615 1677 3654 suum.

110 3695 176 3756 tar,
190 3702 259 3743 mors
272 3684 313 3740 illi
323 3683 395 3738 ultro
415 3699 468 3736 non
482 3681 674 3736 dominabitur.
692 3681 723 3735 ln
739 3680 792 3736 hac
807 3679 915 3752 itaque,
1002 3679 1085 3744 Quod
1096 3680 1171 3736 bene
1182 3683 1270 3738 etiam
1289 3684 1506 3742 demonstratur
1518 3701 1584 3742 cum
1597 3702 1651 3759 per
1662 3685 1768 3743 Lucam

112 3779 228 3844 iratres,
241 3773 326 3830 nobis
345 3774 388 3828 est
410 3770 590 3843 permaxime
604 3769 866 3842 congaudendum
886 3769 916 3824 in
966 3769 1174 3840 evangelistam
1190 3770 1295 3828 dicitur
1311 3790 1318 3827 ε
1332 3772 1422 3830 Homo
1434 3773 1546 3848 quidem
1569 3773 1725 3831 descenderes
1739 3777 1769 3830 in

112 3867 180 3934 hac,
195 3861 319 3920 Domino
333 3856 654 3931 auctore,spiritualiler
667 3857 877 3924 exsultandum,
886 3857 916 3912 iu
967 3856 1098 3912 Hiericho
1110 3859 1209 3915 incidit
1229 3863 1257 3915 ie
1284 3861 1415 3931 tatrones,
1425 3861 1475 3936 qui
1495 3861 1667 3935 exspoliatus
1681 3865 1769 3937 etque

114 3951 405 4027 quacapuinostrum
415 3947 651 4014 Christus,morte
666 3945 919 4010 devicteresurre·
967 3946 1143 4015 vulneratus,
1170 3948 1291 4006 tandem
1316 3949 1490 4024 relinquitur
1506 3949 1672 4019 semivivum
1688 3950 1739 4007 sed
1752 3966 1771 4005 a

114 4033 918 4106 xitetresurrectionisnostroenobislormamresurgendo
968 4032 1770 4111 Samaritanomisericorditersusceptus,viteetsalutis

117 4128 336 4195 demonstravit,
351 4125 490 4197 Apostolo
503 4126 587 4191 leste,
604 4123 653 4196 qui
662 4123 701 4178 eit
717 4140 724 4178 :
739 4121 773 4179 Si
782 4123 920 4196 complan-
968 4121 1095 4194 gratiam
1112 4122 1232 4196 adeptus
1248 4128 1300 4182 est.
1316 4126 1408 4182 Homo
1424 4126 1472 4182 hic
1485 4125 1689 4199 protoplastus,
1709 4125 1770 4182 imo

117 4221 170 4276 lati
183 4217 232 4290 lile
248 4216 326 4288 cod.)
348 4217 419 4287 sacti
436 4229 528 4269 sumes
553 4212 726 4268 similitudini
737 4215 831 4269 mortis
851 4213 917 4285 ejres,
967 4210 1130 4266 humanum
1141 4226 1233 4284 genus
1249 4213 1398 4286 accipitur.
1415 4213 1547 4270 Hiericho
1558 4214 1772 4286 desertioexpri·

115 4308 199 4364 simut
209 4314 234 4362 et
247 4305 442 4362 resurrectionis
452 4304 563 4358 erimus.
594 4299 651 4360 Sed
673 4303 705 4355 ut
730 4300 920 4356 solemnitatis
969 4296 1070 4356 mitur.
1087 4297 1264 4357 Hierusalem
1271 4307 1349 4376 paris
1362 4305 1427 4359 cisia
1443 4303 1617 4361 nominatur.
1634 4303 1772 4360 Latrones

117 4396 203 4468 hujus
212 4394 292 4450 vobis
300 4393 406 4450 amodo
415 4390 553 4463 mysteria
564 4391 734 4445 revelemus.
743 4388 920 4444 Testamenti
969 4385 1090 4459 maligni
1112 4387 1228 4459 spiritus
1244 4391 1455 4466 intelliguntur.
1474 4394 1553 4450 Tunc
1569 4408 1669 4450 revere
1682 4393 1771 4450 hema

116 4481 450 4556 veterisquodammodo
460 4481 558 4551 peries
566 4477 729 4544 subeamus,
738 4479 767 4532 et
775 4476 920 4533 undeheec
969 4472 1015 4527 hic
1030 4473 1066 4530 eb
1087 4475 1266 4534 Hierusalem
1290 4479 1439 4537 descendit
1453 4481 1570 4554 quando
1592 4480 1623 4538 in
1637 4480 1771 4555 perediae

117 4571 198 4646 prius
212 4569 362 4627 celebritas
374 4567 527 4625 inoleverit
541 4582 733 4638 agnoscamus
747 4583 754 4620 ε
771 4581 827 4638 que
843 4565 920 4622 bene
970 4561 1135 4620 Dominisui
1144 4569 1289 4639 precepta
1300 4568 1491 4641 contempsit;
1507 4569 1556 4642 qui
1568 4585 1634 4628 eum
1642 4569 1772 4627 Hiericho

118 4660 269 4734 cognitam
286 4662 314 4714 at
325 4659 388 4731 plus
398 4673 531 4713 amemus
546 4653 773 4710 etveuerabilius
787 4654 919 4710 observo·
971 4649 1074 4722 pergit,
1087 4654 1192 4709 merito
1202 4655 1467 4729 spiritusmalignos
1482 4655 1772 4732 offendit3quiacum

118 4765 184 4804 mus
199 4746 359 4820 :quidquid
367 4743 530 4802 etiamhinc
540 4743 726 4816 spiritualiter
741 4741 866 4813 patuerit
876 4758 920 4798 as·
938 4738 1076 4828 creliclis
1090 4741 1217 4811 eternis,
1233 4745 1327 4799 solum
1342 4739 1773 4822 defectivisintendil,qucdsibi

116 4835 303 4904 sumendum,
315 4833 445 4890 utilitatis
460 4835 560 4889 vestrae
573 4847 626 4904 per
636 4847 689 4886 nos
703 4829 758 4886 erit
766 4829 862 4887 usibus
873 4845 921 4886 ex·
971 4826 1113 4898 pernicies
1120 4833 1407 4904 pareturuulletenus
1415 4833 1666 4893 intellexit.hlerito
1676 4835 1773 4908 itaque

114 4924 298 4998 ponendum,
972 4917 1070 4972 tunica
1094 4918 1321 4976 immortalitatis
1337 4922 1450 4980 exuitur
1466 4940 1474 4979 z
1491 4924 1595 4981 merito
1614 4927 1773 4982 multarum

152 5014 268 5070 Cumde
279 5011 417 5068 servitute
430 5006 749 5083 AEgyptiacaporteutis
761 5004 922 5080 insignibus
972 5007 1168 5077 miseriarum,
1188 5009 1291 5082 quibus
1305 5010 1353 5067 hic
1366 5010 1529 5082 involvitur,
1537 5014 1630 5088 plagis
1640 5011 1772 5071 afficitur.

113 5096 728 5175 plebslsraeliticaliberatur,phesellomino
738 5095 922 5152 anniversali·
973 5098 1078 5155 merito
1093 5101 1241 5170 postremo
1256 5099 1409 5157 semivivus
1417 5100 1447 5158 in
1460 5101 1646 5174 biviussaeculi
1654 5103 1700 5157 via
1708 5117 1774 5172 pre·

115 5196 162 5248 ter
168 5191 314 5246 celebrare
320 5189 496 5261 precipitur,
513 5205 549 5243 ue
564 5189 609 5243 tol
620 5186 922 5259 tantorumquevirtu-
972 5187 1095 5243 teritur:
1113 5190 1145 5242 ut
1157 5188 1263 5244 amodo
1272 5187 1363 5262 quivis
1372 5189 1579 5246 aelernadiscat
1589 5192 1776 5260 appeterem

114 5277 384 5334 temmiroculorum
394 5293 527 5351 processu
535 5275 675 5346 temporis
683 5274 924 5348 posteritasigno·
972 5275 1156 5332 transeuntia
1164 5276 1246 5333 omni
1253 5277 1368 5334 studeat
1380 5281 1491 5335 cautela
1504 5277 1658 5334 declinare.
1667 5275 1776 5350 litqula

115 5362 784 5440 raret,ign0tamquenullahonorisreverentia
798 5363 924 5420 celebre.
973 5364 1109 5422 sacerdos
1125 5369 1154 5420 et
1164 5365 1259 5435 levita,
1274 5365 1385 5424 Veteris
1398 5363 1574 5424 Testamenti
1593 5365 1703 5434 Patres,
1716 5365 1775 5424 eis·

117 5455 238 5512 retzubi
251 5451 924 5528 etiemagnus,quiillorumpaschalueret,im·
975 5451 1254 5527 demaddiotiplegis
1262 5453 1498 5521 succumbebant,
1507 5451 1777 5511 nunumrulnarato

155 5617 196 5687 (l)
210 5615 327 5672 Vivebat
349 5613 488 5670 henricus
502 5613 589 5692 circe¹
598 5629 709 5669 annum
731 5614 818 5679 lolm
837 5611 931 5668 adluit
946 5612 1026 5670 enim
1042 5615 1181 5674 Humane
1194 5615 1305 5689 synodo
1327 5614 1389 5688 ejus
1402 5613 1482 5670 anni.
1502 5612 1603 5671 Prodit
1616 5617 1717 5672 autem
1729 5614 1776 5673 hia

119 5703 217 5744 sermo
230 5705 264 5744 ex
281 5685 401 5759 antiquo
411 5684 514 5742 ‘codice
529 5685 676 5740 Vaticano.
