3992 6180
257 475 323 535 lits
696 467 727 533 S.
741 469 887 532 letanter
907 473 954 531 ΑΙ)
968 468 1155 531 wulsutvtsl
1170 474 1261 532 EPlC.
1287 467 1458 534 CANONES.
1824 489 1873 545 litt

619 595 693 652 XXX.
860 597 861 602 ’
1067 597 1214 659 Aturam.
1230 597 1328 656 Primo
1339 597 1451 666 Nioee,
1465 599 1498 655 ut
1511 597 1870 667 hicanteamemoraviuus:

289 686 441 759 Presbyter
455 684 559 743 necsit
573 687 728 752 mercator,
750 700 804 742 nec
823 689 993 743 mercaturae
1008 701 1059 743 cu·
1109 689 1174 759 post
1193 703 1259 742 earn
1281 687 1372 743 altera
1398 685 1656 760 Constantinopoli,
1679 705 1696 744 e
1712 707 1742 746 ca
1765 692 1873 769 episcopia

254 776 349 851 pidus,
365 792 430 844 nec,
455 773 562 832 omisso
578 772 734 845 theologie
752 773 858 843 studio,
874 790 903 829 se
926 775 962 832 ad
977 792 1060 831 mun·
1109 775 1215 831 sanctis
1226 774 1277 832 liei
1292 775 1400 844 servis;
1428 775 1515 831 tertia
1525 776 1626 847 Ephesi
1642 776 1735 845 luit,e
1752 795 1779 834 re
1791 783 1874 854 eptem

255 863 346 921 denas
370 862 501 920 consonat
519 861 786 928 sermocinationes,
807 877 861 917 nec
875 877 958 918 arma
973 863 1058 932 ieret,
1110 863 1169 935 pis;
1199 866 1302 936 quarta
1321 879 1389 920 vero
1413 862 1596 931 chalcedoni,
1613 863 1662 920 ubi
1678 867 1771 923 multae
1783 870 1875 928 aderant

255 969 310 1011 nec
327 951 485 1008 causidicus
509 952 557 1019 sit,
580 951 625 1008 vel
647 950 712 1006 lites
735 952 812 1021 egat,
843 967 896 1005 nec
920 951 949 1005 in
979 968 1059 1008 ceno·
1110 952 1312 1024 cpiscoporum
1336 950 1485 1008 centurie.
1502 952 1537 1008 Et
1557 953 1588 1008 hi
1606 969 1707 1009 omnes
1723 959 1876 1016 unauimie

255 1040 429 1115 poliisbibat
442 1057 529 1096 more
542 1040 723 1096 secularium
737 1039 957 1110 :juramentum
971 1039 1060 1096 etiarn
1109 1055 1194 1094 sensu
1204 1039 1304 1094 omnia
1319 1038 1532 1095 conflrmamnt
1546 1058 1610 1112 que
1631 1043 1661 1096 in
1676 1043 1782 1101 Nicaeae
1795 1049 1875 1103 statas-

256 1147 294 1188 ne
316 1130 415 1201 jurato
437 1146 445 1186 t
465 1145 581 1202 semper
605 1129 748 1184 autemst
776 1127 945 1200 simpliciter
961 1143 1060 1184 verum
1112 1129 1218 1186 bantur
1230 1127 1352 1200 synodo,
1369 1127 1435 1184 etin
1452 1129 1556 1200 quibus
1570 1130 1746 1201 violateluit,
1758 1152 1788 1190 ea
1803 1139 1877 1194 omnia

255 1219 332 1278 dicat
365 1219 472 1292 absque
506 1217 679 1286 mendacio,
708 1219 740 1272 ut
766 1215 841 1272 servi
873 1216 924 1273 liei
955 1216 1061 1273 docue-
1110 1216 1247 1273 reiecero.
1271 1216 1398 1281 Quatuor
1421 1216 1483 1272 iste
1510 1216 1613 1290 synodi
1641 1219 1712 1277 adeo
1727 1221 1876 1281 observande

253 1313 332 1368 runt,
1110 1307 1206 1360 sunta
1220 1302 1325 1360 Christi
1345 1304 1470 1360 Ecclesia
1484 1307 1515 1360 ut
1535 1309 1660 1379 quatuor
1674 1308 1770 1366 Christi
1783 1312 1876 1370 codices.

613 1395 698 1451 XXXl.
1110 1394 1203 1451 llulte
1226 1409 1261 1448 ex
1279 1392 1329 1448 illo
1353 1395 1486 1466 tempore
1515 1394 1634 1452 luerunt
1662 1399 1768 1470 synodi,
1784 1400 1825 1455 sed
1845 1403 1878 1457 he

290 1486 429 1544 Distincte
444 1483 534 1542 etiam
554 1483 752 1557 peccatoribus
773 1483 905 1539 instituet
916 1481 1059 1555 poeniten-
1112 1484 1236 1555 quatuor
1250 1484 1335 1538 erant
1346 1481 1530 1542 firmissime,
1547 1485 1747 1542 Exstinxerant
1759 1488 1824 1545 enim
1833 1489 1878 1546 isle

255 1575 338 1644 tiam,
352 1573 506 1646 unicuique
518 1571 624 1628 scilicet
640 1572 722 1643 juxta
736 1570 832 1626 meriti
846 1571 889 1626 sui
901 1571 1058 1638 rationem,
1110 1570 1263 1626 hereticas
1282 1569 1344 1626 illas
1358 1570 1506 1625 doctrinas
1520 1587 1592 1645 quas
1606 1573 1740 1630 adversus
1752 1578 1829 1632 Deum
1838 1578 1879 1633 be

256 1663 338 1722 sicuti
349 1660 525 1735 probabilius
535 1658 959 1731 camassequatur.lntlrmiset
971 1673 1061 1730 egro·
1110 1657 1198 1714 retice
1216 1661 1376 1730 posuerunt
1391 1657 1525 1727 haeritici,
1540 1665 1568 1716 et
1582 1663 1786 1720 constituerunt
1797 1666 1878 1738 pariter

255 1753 292 1809 tis
306 1766 418 1808 cenem
434 1747 549 1805 Domini
559 1748 933 1815 ministrabit‚dumtamen
947 1748 1062 1803 valeant
1111 1746 1334 1803 ecclesiasticum
1350 1747 1555 1804 ministerium.

254 1841 331 1898 banc
343 1837 486 1911 deglutire
502 1853 509 1893 :
523 1836 713 1893 semimortuo
729 1839 827 1892 eutem
843 1853 903 1892 non
920 1836 1060 1909 porriget,
1461 1837 1568 1894 XXXIV.

256 1929 325 2004 quie
339 1925 466 1984 Christus
488 1925 558 1982 dicit
578 1943 585 1983 :
613 1925 703 1981 liomo
719 1925 876 1981 manducat
896 1925 951 1981 hoc
966 1887 1096 1979 secre-B
1148 1925 1211 1990 Qua
1224 1925 1313 1999 igitur
1335 1924 1465 1993 audacia,
1482 1942 1499 1981 o
1519 1927 1696 1998 sacerdotes,
1710 1930 1817 1988 istorum
1835 1945 1879 1988 ont·

254 2021 399 2075 mentum.
961 2053 965 2060 -
1113 2013 1194 2070 nium
1210 2013 1396 2087 despexeritis
1421 2015 1664 2072 constitutiones?
1685 2019 1802 2076 llonacbi
1822 2021 1878 2076 enin

612 2104 709 2162 XXXll.
1113 2103 1197 2158 unius
1216 2102 1345 2158 hominis
1357 2103 1588 2159 ,constitutiones
1611 2109 1723 2178 tenent,
1737 2111 1815 2165 macti
1825 2109 1879 2164 vide

292 2195 415 2253 Habebit
425 2194 514 2252 etiam
522 2195 673 2267 presbyter
685 2196 886 2250 consecratum
901 2192 997 2248 oleum
1010 2192 1061 2247 du·
1112 2191 1180 2247 licet
1196 2191 1353 2260 Benedicti,
1371 2195 1400 2246 ei
1412 2193 1570 2248 secundum
1583 2197 1717 2267 regulam
1730 2197 1879 2270 ejusmoni,

257 2285 322 2360 plex
336 2302 343 2341 :
355 2288 410 2341 hcc
425 2283 634 2352 infantibus,id
644 2282 760 2355 egrotis
771 2285 920 2355 peratum3
933 2283 962 2336 et
970 2295 1062 2352 egro·
1113 2295 1201 2353 quam
1222 2280 1245 2335 si
1271 2278 1450 2347 violaverint,
1465 2281 1615 2353 corrigunt
1631 2284 1730 2340 statim
1746 2285 1815 2340 omni
1832 2301 1879 2340 can
1957 2335 1958 2344 ἢ

256 2372 668 2444 tossemperangetyacentes.
678 2370 802 2436 Quidam
815 2387 880 2427 vero
892 2369 994 2441 egroti
1007 2370 1062 2424 boc
1112 2369 1288 2436 humilitate,
1311 2369 1395 2439 juxta
1415 2367 1527 2424 abbatis
1542 2385 1646 2426 eorum
1665 2373 1880 2428 sententiamve

252 2461 492 2533 ,nihilipendunt
509 2463 538 2514 et
547 2459 577 2514 in
590 2457 762 2530 egritudine
778 2473 829 2512 sua
843 2474 873 2514 se
890 2474 950 2512 non
960 2473 1061 2512 conce·
1113 2458 1200 2513 etiam
1216 2455 1328 2512 habetis
1349 2457 1480 2528 regulam
1499 2474 1505 2512 :
1530 2457 1553 2513 si
1566 2460 1611 2514 vel
1627 2476 1694 2516 eam
1710 2461 1796 2534 legero
1808 2463 1881 2516 volae·

258 2547 421 2619 duntungi.
432 2547 531 2604 Dicam
540 2545 609 2618 quid
618 2545 653 2600 de
666 2545 699 2600 iis
710 2543 807 2600 docuit
818 2543 1063 2622 lacobusllomini
1113 2545 1190 2614 ritis,
1216 2543 1349 2600 videretis
1374 2544 1443 2618 quid
1471 2545 1507 2602 sit
1536 2547 1616 2602 vobis
1642 2549 1824 2605 constitutam.
1843 2548 1882 2602 los

260 2636 416 2710 apostolus,
440 2634 489 2708 qui
515 2634 698 2690 credentibus
725 2633 788 2690 eit:
812 2633 950 2689 Triatatur
964 2632 1062 2704 aliquis
1113 2637 1213 2690 sutem
1229 2634 1385 2690 mundanis
1406 2633 1590 2690 delectamini
1611 2637 1839 2703 collocutionibus,
1852 2637 1881 2690 ri·

258 2725 397 2784 vestrum?
426 2724 491 2781 Oret
510 2739 586 2796 aquo
610 2725 699 2779 animo
721 2729 747 2777 et
771 2722 880 2794 psallat.
903 2721 1064 2792 infirmatur
1113 2722 1268 2779 eecomites
1288 2722 1362 2791 lieri,
1391 2722 1538 2795 prepositi
1572 2740 1622 2780 seu
1652 2724 1756 2793 ballivi,
1781 2725 1882 2796 neglecta

258 2816 316 2888 qais
330 2811 466 2872 iacebis?
484 2813 601 2867 inducat
614 2811 781 2884 presbyteros
793 2810 930 2880 Eccieriee,
946 2815 1064 2866 etormt
1113 2810 1226 2867 interea
1247 2810 1366 2867 ecclesia
1386 2815 1489 2880 vestra,
1505 2815 1535 2868 et
1554 2812 1599 2868 bis
1620 2829 1682 2870 una
1706 2813 1880 2870 constitutioni·

257 2919 339 2977 super
361 2919 431 2970 eam,
457 2908 585 2975 ungentes
610 2918 670 2958 eum
685 2899 740 2956 oleo
762 2902 791 2955 in
809 2902 915 2956 nomine
934 2901 1061 2957 Domini:
1113 2901 1177 2957 hus.

258 2994 384 3049 etoratio
401 2991 468 3062 fidei
490 2991 605 3048 retrahit
631 2991 779 3061 infinitum,
797 2996 822 3045 et
844 2989 980 3045 alleviabit
1003 3005 1063 3044 cum
1470 2987 1568 3051 XXXV,

257 3078 412 3147 Dominum
432 3086 458 3137 et
471 3081 496 3136 si
504 3082 532 3137 ia
546 3081 666 3152 percotis
680 3081 726 3148 sit,
749 3080 917 3135 remittentur
934 3081 968 3134 ei.
988 3076 1063 3135 Con·
1148 3075 1295 3146 Volumus,
1312 3081 1343 3133 ut
1361 3077 1581 3135 constitutiones
1604 3079 1770 3153 perhibent,
1787 3091 1881 3134 roseos·

257 3170 372 3241 fitemini
387 3185 447 3241 ergo
461 3169 623 3226 alterutrum
637 3175 750 3240 peccata
774 3173 871 3236 oestro,
888 3173 914 3223 et
928 3174 1003 3223 orate
1013 3183 1097 3250 proc
1114 3165 1262 3237 metipsos,
1277 3169 1364 3238 prout
1387 3167 1564 3223 Christianos
1590 3168 1685 3238 decet,
1707 3168 1783 3225 eitius
1796 3163 1882 3238 expedi

257 3260 372 3316 invicem
386 3265 418 3313 ut
435 3258 577 3315 solverint
598 3257 670 3326 (Jac.
687 3257 726 3328 v).
743 3256 807 3312 lieo
827 3256 938 3312 locutus
961 3259 1004 3312 est
1017 3257 1065 3311 Ja—
1113 3270 1155 3320 re,
1180 3253 1365 3326 ecclesieque
1390 3258 1490 3310 vestrae
1515 3255 1615 3312 sedulo
1642 3256 1833 3328 indulgereln
1850 3267 1881 3306 eo·

260 3347 347 3404 cobus
360 3347 396 3402 de
409 3346 553 3418 ungendis
567 3345 693 3418 egrotis.
703 3345 836 3416 AEgrotus
852 3347 960 3412 autem,
971 3343 1065 3417 prius-
1114 3341 1201 3398 clesia
1219 3357 1286 3398 vero
1300 3359 1337 3397 ne
1350 3344 1394 3398 rel
1416 3342 1540 3399 tabulari
1558 3343 1657 3414 liceat,
1671 3348 1720 3401 eut
1734 3386 1741 3399 .
1758 3385 1765 3399 .
1781 3383 1806 3403 ..
1820 3382 1826 3396 .
1840 3381 1846 3395 .
1859 3379 1881 3394 .-

260 3451 349 3508 quam
363 3434 530 3506 inungatur,
546 3433 730 3490 confitebitur
751 3433 787 3488 ab
810 3432 915 3487 intimo
937 3432 1024 3488 corde
1041 3432 1064 3488 si
1114 3431 1217 3504 loqui:
1244 3430 1382 3487 orationis
1402 3431 1482 3488 enim
1508 3432 1612 3489 domus
1634 3437 1691 3502 est,
1706 3449 1723 3489 a
1739 3434 1792 3488 lieo
1813 3441 1883 3483 conse

210 3571 223 3580 .
261 3522 332 3596 quid
342 3521 452 3593 peccati
465 3521 643 3577 commiserit
654 3537 707 3592 pro
723 3535 779 3594 quo
791 3519 912 3591 dignam
922 3536 983 3576 non
995 3537 1064 3576 con·
1116 3519 1238 3576 cratein
1260 3519 1405 3575 sermonis
1421 3520 1576 3592 spiritualis
1600 3521 1832 3578 exercitationem.
1844 3513 1883 3568 b'ec

259 3609 359 3666 tulerit
368 3608 686 3678 satisfactionem,eicut
695 3609 849 3681 Apostolus
856 3607 971 3680 hicjam
978 3625 1067 3682 supra
1115 3608 1145 3664 in
1160 3624 1195 3665 oa
1211 3607 1353 3680 quispiam
1378 3607 1467 3676 bibet,
1489 3612 1539 3664 aut
1554 3608 1686 3665 indebite
1705 3609 1777 3674 edat,
1794 3619 1846 3660 cunr
1859 3598 1883 3654 sit

262 3714 333 3792 earn¹
344 3696 477 3754 monuit:
495 3701 524 3754 et
542 3713 630 3755 nemo
646 3699 802 3770 presumat
816 3713 936 3770 ungere,
950 3697 1005 3753 nisi
1018 3714 1067 3754 ex·
1117 3696 1172 3752 illis
1184 3696 1360 3753 sanctificata
1373 3696 1421 3770 qui
1441 3697 1550 3754 ibidem
1566 3715 1672 3771 corpus
1685 3694 1795 3754 Donrini
1809 3693 1833 3748 in
1844 3688 1882 3745 fide

261 3790 369 3856 oratus,
383 3788 413 3842 et
436 3788 501 3860 post
522 3790 671 3860 peractam
694 3785 916 3842 confessionem.
935 3785 964 3842 Si
981 3788 1068 3844 entes
1116 3785 1367 3842 manducaverint.
1384 3785 1454 3842 llec
1474 3785 1612 3858 quamvis
1631 3785 1728 3860 turpio
1744 3779 1882 3840 iaciuntho·

261 3878 396 3951 peccator
409 3874 465 3932 fuit
477 3880 506 3932 et
519 3876 684 3950 negligens,
692 3876 781 3933 iaciat
792 3875 857 3948 jem
872 3875 991 3932 demum
1001 3891 1067 3932 con·
1118 3874 1223 3943 mines,
1245 3875 1420 3931 bacchantes
1445 3891 1532 3948 sepe,
1558 3877 1588 3930 et
1611 3873 1756 3948 usquead
1775 3867 1882 3927 unnim

260 3965 428 4036 sessionem,
447 3965 651 4040 penitentiam
662 3971 690 4022 et
703 3967 919 4038 eleemosynam
936 3970 1003 4021 ante
1016 3965 1066 4021 ob·
1117 3962 1249 4020 bibentes
1267 3963 1297 4017 iu
1308 3961 1396 4018 domo
1411 3963 1473 4034 Dei,
1490 3962 1701 4020 contumeliose
1715 3962 1795 4018 oham
1806 3961 1829 4014 ei
1839 3960 1882 4009 tru-

261 4057 334 4114 itum
349 4072 444 4125 suurn,
458 4059 490 4112 ut
504 4055 619 4112 interno
636 4073 695 4113 non
706 4055 897 4128 adjudicetur,
911 4054 961 4112 sed
970 4055 1068 4111 divina
1117 4050 1193 4125 piter
1206 4050 1348 4120 ludentes,
1368 4050 1436 4124 quin
1461 4050 1492 4106 in
1516 4051 1600 4108 laedis
1622 4050 1795 4114 sermonibus
1815 4045 1882 4117 ipson
1957 4083 1958 4128 1

261 4145 388 4220 gaudeat
401 4143 610 4202 misericordia.
1118 4141 1194 4197 hanc
1215 4139 1338 4196 domum
1353 4139 1588 4199 contaminantes
1610 4139 1724 4197 :satius
1738 4137 1775 4193 eis
1794 4129 1882 4190 torah
1957 4133 1958 4140 ’

605 4233 718 4292 ΧΧΧΙΙΙ.
1117 4228 1198 4286 lectis
1216 4227 1274 4286 suis
1287 4228 1468 4302 acquiescere
1497 4245 1586 4302 quam
1602 4229 1696 4286 ileum
1712 4217 1884 4284 istimnodiir
1957 4211 1958 4224 ¹

294 4323 424 4392 Ouetuor
451 4327 535 4382 erant
563 4324 665 4398 synodi
693 4339 769 4380 vere
796 4322 865 4382 lidei
896 4321 1065 4380 detonsione
1117 4316 1217 4378 citare.
1265 4363 1270 4372 .
1882 4343 1887 4350 ·

260 4418 364 4472 contra
381 4413 532 4472 hereticos
548 4412 743 4486 blasphemias
760 4415 923 4470 eructantes
949 4411 980 4467 in
998 4427 1067 4468 sao·
1395 4405 1520 4480 (Reliqua
1532 4406 1651 4480 demet.)

260 4507 339 4562 etam
350 4503 521 4560 Trinitatem
530 4506 560 4560 et
573 4501 726 4560 salvatoris
737 4501 828 4559 nostri
840 4502 1001 4558 humanam
1014 4517 1066 4558 ne·

259 4653 389 4730 (Exstant
399 4653 525 4727 AElsrt'ci
536 4656 725 4728 archiepiscopi
739 4654 863 4728 opuscula
877 4654 1001 4728 paredam
1018 4655 1178 4712 eSoeoniro
1192 4653 1321 4712 idiomate
1342 4655 1371 4709 ie
1383 4651 1512 4708 Latinum
1528 4649 1673 4721 translato,
1688 4647 1802 4706 cataste
1820 4647 1883 4695 tttttt

544 4727 610 4800 fidei
621 4733 647 4784 et
656 4744 716 4800 qaae
726 4744 821 4782 morem
839 4727 988 4784 acatholica
1012 4729 1190 4800 interpelavit.
1204 4725 1272 4783 Her
1287 4724 1343 4782 ideo
1357 4723 1421 4782 dare
1433 4721 1640 4796 supersedemus.
