4006 6178
148 431 182 487 ῃ
878 419 1087 481 99999999.
1386 453 1389 460 -
1770 447 1805 506 ³3

147 555 344 609 Romanorum
348 589 427 604 .......
438 547 948 604 trucidatos.Erantenimnumarum
960 553 989 612 A
1004 550 1118 605 montes
1128 549 1276 609 Latiniano
1287 569 1337 610 sau
1346 557 1484 629 Bogiano,
1493 565 1805 626 monesteriumsancti

146 643 345 697 Romanorum
358 637 496 694 tricentos
505 635 705 708 quiinteriecti
715 639 781 690 sunt
792 636 821 691 iu
834 653 951 708 campo-
1004 636 1132 694 Silvestri
1143 639 1172 694 iu
1188 645 1288 697 monte
1303 643 1415 717 syrapti
1430 663 1497 705 curn
1511 653 1721 712 monasterium
1735 673 1803 714 san·

146 727 355 786 Latemuensis.
377 729 419 782 De
438 725 597 795 majoribus
615 727 677 779 erat
698 723 778 779 enim
797 739 873 796 papa
895 725 950 780 Leo
1002 725 1040 779 cti
1054 727 1177 783 Andreae
1192 732 1325 800 apostoli,
1338 734 1374 788 ad
1390 734 1562 794 detensionis
1574 741 1631 798 suis
1640 745 1739 815 palatii
1751 745 1804 802 im-

146 822 262 892 quartns
272 815 374 872 omnia
389 812 570 884 Pentapolim
581 817 666 884 atque
681 812 793 867 Tusscie
807 811 912 868 tinibus
921 813 948 867 in
1001 817 1120 884 perator
1131 815 1250 872 kamere
1265 833 1314 873 sue
1327 823 1476 878 concessit.
1492 826 1527 880 lit
1537 829 1678 886 monitate
1691 832 1803 904 legibus

145 905 288 977 pontilicis
300 901 461 958 constituit.
1002 899 1119 973 insuper
1135 903 1286 978 descriptis
1300 915 1323 949 ¹⁰
1337 913 1519 968 monasteriis
1537 915 1566 970 in
1581 917 1680 974 edictis
1692 920 1803 993 legibus

176 989 458 1048 99998199969191
476 1006 483 1043 ε
499 990 530 1043 19
546 1005 603 1060 quo
613 989 704 1043 multa
719 989 754 1043 de
767 991 855 1044 status
864 990 950 1043 eccle·
1002 987 1259 1060 Langobardorum
1275 993 1353 1066 attigi
1368 1001 1513 1073 pracepit.
1529 1003 1718 1064 Proordinata
1731 1024 1803 1066 cun·-

143 1083 252 1136 siarum
267 1083 295 1135 et
310 1078 557 1134 monasteriorum
572 1080 696 1133 tractata
711 1080 797 1149 atque
813 1077 948 1134 ordinata
1001 1079 1046 1130 cto
1060 1093 1152 1149 regno
1163 1081 1273 1137 ltaliae
1288 1082 1422 1140 Lothanio
1434 1087 1491 1144 tilio
1506 1107 1568 1159 suo,
1584 1095 1633 1165 qui
1656 1102 1803 1156 consortes

143 1173 219 1223 sunt.
237 1168 359 1239 tegibus
376 1166 463 1221 etlam
479 1164 604 1236 capitula
618 1181 673 1236 que
684 1165 795 1219 dudum
809 1165 839 1219 in
849 1163 948 1220 edictis
1001 1163 1058 1219 suis
1070 1167 1153 1236 regni
1164 1171 1235 1236 crat,
1250 1171 1410 1240 constituit;
1427 1174 1626 1236 bencdictione
1641 1187 1758 1258 accepta
1769 1187 1800 1244 in

143 1256 245 1327 scripta
265 1259 335 1310 sunt
345 1254 423 1325 alfigi
435 1253 574 1324 pracepit.
583 1252 644 1318 Quo
656 1252 792 1324 perhacto
803 1283 837 1292 -
848 1253 948 1309 Ubelbi
1000 1253 1122 1309 ccclesia
1147 1258 1344 1327 apostolorum
1363 1260 1501 1334 principis
1516 1266 1702 1327 absolutionis
1716 1289 1800 1346 apos-

142 1341 252 1398 comitis
267 1343 348 1397 tudit
362 1341 443 1396 duxit
457 1357 556 1396 uxore.
998 1338 1096 1403 tolico,
1109 1340 1139 1396 in
1153 1343 1272 1400 Francia
1284 1349 1327 1400 est
1340 1362 1479 1406 reversus.
1496 1351 1530 1406 Et
1545 1369 1603 1409 non
1619 1361 1685 1429 post
1695 1363 1801 1419 multos

175 1431 262 1484 Anao
276 1431 348 1484 824:
371 1430 402 1484 in
426 1429 505 1500 cujus
527 1429 620 1500 (papa)
643 1430 740 1485 locum
763 1430 876 1487 duobus
897 1445 949 1501 per
997 1426 1051 1482 bos
1063 1428 1125 1484 dias
1136 1431 1228 1488 hobiit
1242 1437 1301 1500 (aa.
1319 1435 1392 1508 846).

141 1519 345 1574 contentiones
351 1517 450 1589 populi
459 1516 580 1571 fuissent
600 1517 718 1585 helecti,
743 1518 887 1590 Eugenius
900 1533 946 1573 ar·
1033 1518 1078 1571 25.
1093 1518 1175 1574 Unde
1199 1521 1288 1577 crevit
1307 1540 1409 1580 rumor
1421 1525 1498 1584 inter
1512 1529 1577 1586 liliis
1591 1533 1679 1606 regis,
1695 1536 1800 1594 Lotha.

141 1605 331 1676 chiprasbiler
352 1603 427 1658 tituli
438 1605 536 1658 sancte
551 1603 674 1672 Savine;
689 1606 760 1660 alius
774 1609 874 1660 tamen
890 1621 947 1677 quo
997 1601 1067 1672 rius,
1078 1605 1206 1676 Pipinua,
1218 1609 1367 1670 Loduicus.
1380 1612 1507 1684 Carolus,
1516 1623 1546 1674 et
1561 1619 1753 1696 carlomagno
1765 1626 1801 1682 da

141 1709 246 1748 numen
268 1696 400 1764 superest
416 1691 494 1745 lacta
521 1693 564 1768 est
584 1691 687 1746 seditio
703 1692 834 1748 Romana
858 1692 947 1747 civilis
996 1696 1144 1748 consortes
1158 1711 1297 1768 regnora,
1318 1703 1349 1755 ct
1361 1702 1519 1760 sortierunt
1532 1723 1656 1780 regnum
1670 1710 1799 1771 interae:

141 1781 213 1834 inter
228 1796 271 1846 se,
288 1779 512 1848 vincenteparte
526 1777 668 1833 nobilium
683 1781 947 1852 partesubrogatus
996 1778 1162 1850 inciperunt
1176 1783 1302 1840 dividere
1318 1787 1356 1842 da
1370 1789 1467 1846 civitas
1480 1793 1577 1852 Faucia
1587 1795 1646 1871 (97)
1659 1801 1737 1872 quod
1757 1805 1801 1858 est

142 1871 223 1939 atque
239 1866 394 1920 ordinatus
410 1867 467 1922 est.
957 1872 983 1931 Β
998 1865 1096 1922 vilicos
1106 1871 1162 1935 (99)
1175 1869 1252 1926 inter
1265 1889 1346 1930 mare
1358 1876 1513 1949 adriatica,
1530 1885 1559 1939 ct
1574 1899 1655 1941 mare
1668 1887 1798 1958 Furrina,

175 1954 330 2010 99999897
347 1955 439 2010 91899
453 1954 589 2024 itojuupit
606 1970 613 2007 ι
630 1954 751 2026 Legatus
766 1955 948 2026 imperatoris
998 1959 1129 2027 utusque
1144 1957 1173 2012 in
1188 1960 1361 2032 Aquitaniac
1376 1969 1406 2019 et
1420 1966 1525 2024 divisus
1540 1973 1582 2026 est
1595 1976 1800 2047 populumlta·

144 2043 267 2096 Romam
289 2042 380 2108 venit,
401 2043 430 2095 et
453 2042 629 2096 helectiones
651 2043 750 2114 populi
768 2043 858 2116 qualis
874 2045 948 2099 esset
997 2041 1052 2096 lico
1063 2044 1105 2098 vel
1117 2044 1247 2102 Romano
1259 2064 1276 2102 a
1288 2049 1465 2109 Francorum
1476 2055 1800 2134 imperiumcoeperunt

144 2130 330 2184 examinarit.
346 2127 399 2184 Ubi
414 2131 443 2183 91
458 2128 543 2185 missa
558 2130 649 2184 sancti
663 2131 786 2200 Martini,
801 2135 829 2185 et
844 2131 948 2186 testivi-
997 2147 1127 2202 pugnare
1140 2132 1217 2188 inter
1233 2151 1263 2190 se
1278 2153 1360 2210 reges
1376 2140 1570 2216 Francorum;
1586 2150 1662 2205 unde
1676 2151 1745 2206 exiit
1755 2153 1798 2209 la.

143 2223 231 2274 tatem
247 2218 327 2273 beati
341 2217 465 2272 Androm
482 2218 779 2304 apostoli,necnonet
793 2219 887 2290 ipsum
902 2235 946 2274 sa·
997 2219 1085 2274 main
1102 2219 1224 2290 Cordua,
1242 2227 1272 2279 et
1286 2225 1316 2280 in
1334 2227 1429 2284 119199
1453 2233 1515 2286 tota
1536 2232 1701 2308 Cartagina,
1715 2255 1799 2314 cepe·

137 2323 218 2360 crum
233 2309 370 2360 sanctum
384 2305 536 2361 dominicae
552 2305 707 2360 nativitatis
720 2306 797 2362 diem
810 2324 876 2362 cum
887 2323 948 2362 ma·
997 2311 1066 2361 runt
1077 2323 1196 2380 reagere
1210 2309 1376 2370 Sarracenis
1390 2317 1541 2375 consilium
1554 2322 1695 2394 maligno,
1708 2330 1740 2382 ut
1754 2345 1799 2385 re·

136 2409 194 2463 gna
212 2392 308 2447 letitia
322 2395 352 2446 et
368 2392 555 2446 exsultatione
568 2392 732 2446 celebravit.
997 2411 1088 2465 gnum
1102 2403 1262 2470 usurparet,
1279 2404 1308 2456 st
1321 2403 1441 2461 ecclesia
1452 2407 1543 2464 sancti
1554 2409 1630 2466 Petri
1643 2414 1798 2487 expoliare.

172 2481 271 2536 ttense
293 2480 450 2536 Februario
471 2483 627 2536 conventus
646 2479 775 2536 hibidem
799 2481 901 2550 lactus,
916 2481 946 2536 in
998 2483 1118 2538 Karolus
1131 2485 1188 2558 (99)
1202 2503 1261 2558 rex,
1278 2488 1352 2546 illius
1369 2491 1485 2550 Loduici
1500 2496 1541 2551 Pii
1556 2497 1633 2556 bone
1644 2503 1796 2578 memorio,

140 2569 220 2623 ltalia
233 2569 385 2641 proloctus
400 2571 443 2623 est
455 2567 524 2641 (92).
537 2569 687 2640 Romaque
696 2568 850 2640 ingressus,
867 2570 947 2624 inec·
996 2575 1116 2643 propter
1127 2575 1254 2645 quodam
1265 2577 1323 2632 suis
1336 2579 1481 2650 facinoris,
1495 2585 1574 2656 quod
1589 2604 1666 2644 nunc
1676 2598 1698 2634 ⁸¹
1714 2608 1799 2665 super

137 2656 223 2710 alesia
231 2657 431 2728 apostolorum
438 2655 575 2728 principis
581 2655 735 2711 missarum
744 2657 946 2728 solempnitate
996 2661 1049 2725 est,
1061 2662 1226 2719 renuntiato
1241 2680 1332 2736 ragno
1347 2666 1482 2724 iratribus
1494 2672 1560 2741 suis,
1577 2672 1607 2729 in
1622 2679 1799 2736 monasterio

138 2745 292 2812 celebrata,
307 2744 419 2815 Apulia
435 2742 539 2799 finibus
547 2743 698 2814 adgressus
708 2747 751 2799 est
765 2744 946 2800 incivitatem
996 2747 1086 2802 sancti
1099 2748 1246 2806 Benedicti
1261 2752 1290 2808 in
1312 2759 1412 2810 monta
1428 2757 1546 2815 Cassino
1568 2767 1666 2820 sancte
1683 2781 1800 2824 convor-

139 2832 202 2886 Ban'
219 2850 226 2899 ;
242 2836 383 2904 quattuor
398 2835 490 2886 turres
515 2831 652 2887 {edificari
670 2831 765 2902 J'ussit.
784 2831 901 2896 Quanta
917 2838 947 2888 et
996 2834 1115 2892 sationis
1128 2837 1220 2893 abitus
1233 2841 1351 2913 accepit.
1368 2843 1459 2900 Tanta
1473 2846 1621 2905 hunrilitas
1635 2851 1664 2906 in
1679 2869 1714 2908 eo
1729 2869 1798 2911 con-

137 2921 232 2990 qualia
243 2937 335 2974 narce
348 2919 436 2974 maris
448 2919 593 2974 Adriatico
609 2923 758 2991 portantes
772 2937 880 2992 eaquae
895 2937 945 2976 ne·
995 2923 1079 2978 cessit
1088 2924 1239 2994 Dominus,
1253 2929 1282 2982 ut
1297 2929 1431 2986 omnibus
1445 2933 1581 2992 iratribus
1595 2939 1798 3010 pedibuslava·

136 3009 344 3064 cassariasunt.
357 3009 534 3063 Francorum
546 3008 664 3064 scarain
674 3009 738 3062 Bari
748 3009 845 3064 civitas
855 3012 946 3065 custo·
994 3013 1040 3065 rot
1055 3019 1088 3078 ⁸²,
1105 3016 1137 3066 ut
1151 3012 1226 3068 inter
1240 3019 1485 3075 omnesminorse
1498 3025 1619 3093 putabat
1634 3036 1665 3082 ΙΙ.
1679 3028 1798 3087 Saxonis

137 3098 247 3152 dientes
264 3097 413 3152 Scalaoria
434 3097 490 3170 (93)
516 3096 661 3152 interioris
681 3099 710 3152 et
729 3097 895 3170 superioris,
911 3100 942 3152 et
994 3097 1164 3155 inchoantes
1174 3104 1272 3173 preter
1296 3103 1480 3175 discordiam,
1504 3124 1559 3180 que
1582 3115 1645 3167 erat
1665 3115 1741 3172 iuter
1755 3118 1799 3174 Pi·

136 3185 273 3257 qrxicquid
290 3184 413 3240 civitatis
433 3184 580 3240 maritime
596 3185 687 3256 posite
703 3188 815 3254 sunt‚ut
828 3187 978 3262 Agara-0
994 3186 1079 3257 pinus
1094 3190 1123 3242 et
1147 3188 1340 3262 Carlomagno
1365 3195 1393 3248 et
1412 3194 1573 3253 Loduioum
1595 3201 1725 3274 regibus;
1742 3205 1797 3260 Lo-

135 3274 214 3328 nicos
223 3289 288 3330 uon
296 3273 614 3329 vastarentur.itomani
624 3273 946 3345 etenimimposuerunt
994 3275 1105 3330 thurius
1129 3293 1209 3345 vero,
1230 3277 1279 3350 qui
1308 3284 1424 3350 agustus
1448 3287 1491 3338 est
1516 3287 1684 3360 appellatus,
1705 3307 1797 3365 ragno

134 3361 169 3415 ad
182 3361 366 3432 imperatore
382 3361 521 3416 Loduicus
534 3361 611 3428 Pius,
629 3361 705 3416 unde
729 3363 872 3418 memoria
884 3362 946 3433 ejus
994 3362 1074 3418 italie
1087 3365 1216 3435 regebat.
1233 3365 1352 3422 Saxonis
1364 3368 1470 3425 cotidie
1482 3373 1648 3444 preliantes,
1662 3379 1739 3452 cepit
1748 3397 1796 3436 ax-

133 3448 756 3521 permanetusqueineternum.1mperator
769 3450 944 3507 Loduicusiu
995 3451 1127 3506 minuare
1142 3467 1265 3522 regnum
1281 3454 1467 3513 Francorum.
1483 3459 1680 3522 biortuoidem
1696 3469 1798 3526 Kario-

134 3541 214 3593 tauta
227 3537 321 3592 virtus
335 3537 366 3592 in
378 3537 865 3610 11911999ῑί11),919993919199(94)
876 3555 946 3611 pon·
995 3555 1102 3611 magno
1120 3539 1208 3610 (190),
1223 3540 1347 3598 Saxonis
1371 3541 1401 3599 iu
1425 3546 1544 3605 Francia
1567 3550 1699 3624 ingressi,
1718 3556 1796 3614 19999
1898 3577 1901 3584 ’
1992 3543 1993 3552 ¹

133 3625 216 3680 tiiicis
227 3626 357 3682 Romani
372 3643 390 3680 a
401 3625 511 3696 legibus
526 3642 585 3681 non
599 3625 737 3698 potuisset
751 3629 866 3680 erueret
878 3626 944 3698 (96).
994 3627 1119 3698 igneque
1141 3631 1295 3697 vastantes,
1321 3630 1390 3686 iecit
1415 3633 1533 3706 Pipinus
1548 3637 1622 3710 (101)
1637 3659 1687 3698 rex
1702 3646 1796 3702 amica

134 3713 354 3769 Abebatautem
362 3713 392 3768 in
399 3716 505 3787 palatio
518 3715 717 3770 Lateranensis
726 3715 836 3786 judices
848 3731 946 3787 preor·
995 3730 1079 3770 causa
1094 3714 1796 3808 991998999999199919999999991999(199)

134 3799 235 3868 diuau,
250 3817 307 3874 per
315 3801 549 3873 singulosdies,a
561 3803 640 3858 locus
651 3803 699 3858 ubi
716 3803 819 3888 dicitur
828 3818 845 3857 9
855 3803 943 3877 Lupa,
995 3819 1060 3858 eum
1075 3802 1195 3858 Saxonis
1209 3806 1524 3883 pugnabatjltquitanii
1535 3813 1612 3872 inter
1625 3835 1656 3874 se
1671 3835 1795 3878 convan-

134 3889 211 3959 quod
224 3893 271 3944 est
289 3893 384 3945 mater
400 3891 611 3958 Romanorum,
627 3893 657 3946 ut
670 3891 809 3964 populum
822 3891 945 3946 Romani
995 3893 1081 3948 ticula
1094 3893 1180 3948 iacta.
1197 3893 1279 3949 Unda
1295 3896 1423 3954 ablatum
1440 3905 1483 3957 est
1496 3919 1621 3976 ragnum
1639 3908 1795 3981 Aquitania

133 3992 185 4048 per
195 3977 364 4032 districtum
375 3979 513 4049 placitum
526 3997 542 4034 a
557 3979 612 4034 dux
629 3979 943 4051 Spolitinus,Acipran-
994 3998 1011 4036 a
1026 3981 1153 4044 Francis,
1168 3982 1300 4054 usquein
1314 3989 1489 4057 presentem
1502 3989 1589 4047 diem.

135 4064 205 4120 dum
230 4066 368 4135 nomine,
394 4066 617 4123 discutiendum.
636 4069 768 4124 Pontifex
791 4068 944 4140 Gregorius
1030 4072 1073 4126 26.
1089 4069 1287 4125 ttortuoidem
1298 4071 1448 4130 Letharius
1465 4076 1518 4146 (99.
1536 4078 1793 4146 855l,successitin

133 4156 233 4208 sancte
242 4153 322 4208 sedis
335 4156 642 4229 apostolice,quicquid
652 4156 878 4213 aConstantinus
888 4157 943 4212 im·
994 4172 1084 4228 regno
1093 4158 1215 4212 Karolus
1231 4159 1311 4228 (163),
1326 4157 1401 4213 illius
1415 4161 1486 4231 eius,
1497 4177 1549 4232 pro
1561 4180 1595 4220 eo
1605 4181 1665 4222 non
1672 4169 1796 4228 mutum

134 4245 255 4311 perator
270 4259 408 4298 concessa
422 4244 516 4300 iuerat
539 4243 734 4300 aecclesiastice
756 4253 789 4311 ⁴⁹,
804 4244 944 4300 Lodoicus
993 4249 1107 4315 tompus
1119 4247 1173 4316 (99.
1190 4246 1263 4310 stc).
1281 4244 1796 4318 09199919999991191199999119199

133 4327 300 4402 imperator
313 4333 462 4388 concessit.
476 4333 781 4390 ttonasteriumsaucti
797 4334 943 4390 Benedicti
993 4349 1036 4401 se,
1053 4330 1246 4386 exieruntviri
1261 4331 1401 4401 scelerati,
1413 4337 1443 4388 st
1453 4335 1795 4407 legatosmiseruntarex

133 4417 162 4470 in
177 4421 286 4474 moute
297 4420 406 4474 Cassini
416 4421 942 4492 inprovinciaSamnii,mouasterinm
992 4420 1159 4492 Babylonia,
1177 4421 1208 4474 ut
1221 4419 1356 4476 venirent
1369 4423 1550 4494 otpossidara
1565 4445 1689 4501 regnum
1704 4435 1794 4492 italis.

132 4511 231 4561 sancte
248 4507 302 4563 Dei
312 4509 460 4580 genitricis
466 4527 638 4585 semperque
652 4511 770 4582 virginis
786 4511 872 4566 Maris
883 4509 941 4584 (96)
951 4525 978 4584 1)
990 4510 1084 4564 Tanta
1098 4505 1226 4580 denique
1238 4508 1385 4580 Aggareni
1394 4509 1425 4564 in
1436 4511 1517 4569 ltalia
1528 4513 1674 4588 ingressis
1689 4520 1795 4580 Contu·

132 4594 160 4648 in
176 4600 285 4651 monte
300 4597 439 4652 Acutiano
454 4599 943 4667 199911991989191999919,91919999-
991 4595 1123 4652 cellensis
1138 4598 1248 4667 portus,
1260 4595 1298 4652 sic
1310 4595 1616 4670 impleveruntiacicm
1625 4607 1712 4678 19999,
1723 4610 1795 4670 siout

133 4683 242 4739 terium
254 4684 369 4739 domini
383 4686 529 4742 salvatoris
545 4688 688 4746 territorio
710 4688 841 4756 Reatino,
853 4687 940 4759 juxta
990 4688 1098 4742 locuste
1115 4685 1194 4741 volut
1202 4687 1330 4758 segetem
1342 4685 1494 4760 inrumpo.
1502 4688 1608 4748 Tantos
1619 4693 1709 4754 timor
1717 4697 1795 4757 inva-

796 4808 911 4863 VARIAE
929 4803 1129 4862 LEGFIONES.

178 4921 204 4958 ⁴⁹
217 4915 238 4970 1.
256 4932 281 4970 e.
296 4915 432 4974 ecclesiae.
460 4926 484 4962 ¹⁰
498 4921 517 4975 i.
540 4936 563 4975 e.
578 4916 791 4991 superscriptis.
828 4923 850 4961 ¹⁵¹
871 4919 890 4973 i.
910 4934 934 4971 e.
952 4932 1022 4974 non.
1055 4921 1078 4957 ⁸²
1092 4913 1182 4986 primo
1201 4912 1344 4969 lavaretur
1363 4918 1389 4971 et
1415 4914 1557 4988 putabant
1575 4919 1706 4993 scriptum
1726 4933 1795 4990 crat.

133 4991 153 5028 ι.
166 5002 220 5044 m
237 4987 279 5044 bi,
291 4990 398 5063 ,criptae
724 5021 726 5030 ¹

908 5073 1021 5141 NO'TAE.

132 5179 261 5237 millium
275 5183 385 5253 scribit,
1023 5182 1067 5245 (96
1095 5177 1187 5235 Faria.

165 5251 695 5324 (921Ludovicumminimeinltaliam
705 5255 934 5336 profectumesse¹
1025 5253 1067 5323 (97
1096 5247 1226 5334 Fussen‘t

130 5327 248 5380 constat
263 5343 270 5394 ;
285 5325 323 5381 ad
336 5327 509 5382 Ludovicum
532 5329 555 5382 11
570 5328 787 5401 imperatorem,
805 5325 935 5383 botharis
1023 5323 1077 5396 (98)
1094 5313 1277 5376 Umbrlrcus‘i

131 5391 238 5462 filium,
255 5396 317 5452 1999
330 5397 475 5470 pertinere
490 5398 632 5455 ridentur.
1024 5395 1079 5468 (99)
1093 5393 1192 5464 Nugae.
1215 5459 1221 5472 ἢ
1296 5458 1301 5470 Ι

167 5467 231 5546 (99)
248 5467 282 5522 ld
302 5473 345 5524 est
363 5467 497 5538 0919699,
523 5470 620 5526 1111999
634 5487 646 5526 s
662 5470 740 5527 uocis
762 5469 938 5528 custodrtates
1025 5469 1101 5533 (169)
1115 5463 1258 5543 1999999
1271 5457 1334 5516 Ριο.

131 5539 261 5606 repausa
273 5537 430 5613 (calaoria).
1019 5537 1094 5606 (161)
1113 5534 1276 5614 Lotbarius.

179 5609 228 5674 94)
243 5607 277 5663 ld
288 5613 576 5683 estcoruauquineom.
697 5633 701 5642 ’
1038 5609 1089 5662 lon
1113 5605 1286 5685 Germaniae.

177 5677 505 5754 95)01.Α99.1999199.
520 5683 646 5742 99893.
1039 5679 1089 5735 106
1114 5675 1271 5733 Ludoarcus
1290 5673 1326 5729 11.
