4006 6178
136 403 177 460 ue
810 393 1072 454 bocennaium.
1720 405 1772 468 150

165 543 205 600 llis
216 541 301 598 tribus
312 539 429 615 regulis,
445 539 480 596 de
492 541 579 613 puteo
594 537 700 595 scilicet
711 542 741 594 et
758 535 795 593 de
808 520 957 591 duabusA
1118 577 1123 590 .
1233 521 1346 581 CAPUT
1365 525 1494 584 LXXXIX.

136 633 220 704 cuppis
232 629 382 704 diligenter
396 627 540 704 inspectis,
551 643 626 700 pene
636 627 730 683 nullus
742 625 916 697 eritputeus,
969 621 1046 682 Intro
1067 629 1229 700 quadratum
1245 633 1430 704 equitatuum
1447 641 1604 708 octogonum
1623 639 1768 712 desipuere.

134 723 169 796 til
186 736 281 793 tthlas
291 721 333 774 '⁰¹
352 721 444 774 ‘⁰³⁰⁸
458 718 563 790 alique,
579 715 649 804 init}
663 717 724 788 ⁰j¹¹⁸
739 715 827 789 P⁰⁸⁵³it
839 713 917 770 inda·
1003 734 1033 790 Si
1045 735 1167 792 volueris
1179 738 1257 795 iutra
1275 741 1449 814 quadratum
1468 746 1668 819 aequilaterum
1687 751 1770 806 octo-

137 810 187 885 gari
199 807 382 884 profunditas,
396 806 451 862 nisi
465 805 540 861 mira
553 805 583 860 in
603 805 643 860 eis
656 804 743 860 luerit
758 804 915 862 diversitas.
966 839 1077 896 gonum
1094 822 1256 898 designare,
1277 829 1433 901 diagonum
1457 833 1586 890 medium
1601 853 1707 892 sumas,
1719 837 1769 894 1110

391 949 503 1008 CAPUT
521 947 641 1006 LXXXV·
969 912 1110 970 circinum
1126 915 1279 987 spatiatum
1305 919 1409 992 [Gloria
1423 929 1488 991 vet..
1503 925 1662 998 extentum]
1676 927 1705 982 in
1717 944 1768 984 an-

966 1003 1034 1075 gulo
1048 1004 1181 1078 quadrati
1206 1005 1320 1080 inligas,
1344 1012 1374 1064 et
1393 1010 1423 1066 in
1445 1015 1567 1085 utroque
1588 1015 1678 1072 latere
1692 1033 1767 1090 puu-

131 1085 166 1142 Εῑ
183 1085 336 1140 multllm
356 1081 474 1137 manium
497 1093 679 1144 mmm,
704 1074 849 1131 mundum
871 1091 917 1131 0⁷·
969 1093 1059 1160 ctum,
1076 1109 1224 1167 quousque
1257 1095 1379 1153 circulus
1406 1101 1578 1172 pervenerit,
1611 1102 1709 1173 iacias,
1734 1121 1767 1164 ac

159 1158 236 1211 dhaem
253 1153 401 1210 manetem
411 1150 592 1224 prolatorum,
607 1150 673 1204 su're
686 1152 789 1221 quante
801 1147 915 1219 prosum

157 1229 227 1294 aue,
239 1232 346 1293 ιιεεεαι,
361 1227 417 1280 etc.

159 1334 191 1388 llr
206 1331 379 1388 adunatione
396 1328 528 1386 omnium
547 1341 737 1383 nnmeromm
756 1323 914 1380 secundum

131 1422 242 1478 ordinem
256 1421 420 1476 naturalem
434 1419 613 1493 prolatorum
627 1415 650 1470 si
669 1414 709 1470 vis
725 1414 795 1469 scire
806 1415 916 1486 quanta

131 1509 287 1584 prolanditas
314 1510 434 1575 crescat,
459 1506 521 1562 haec
541 1505 595 1561 tibi
618 1504 718 1575 regula
738 1501 869 1569 sulliciat,
892 1500 915 1556 si

131 1601 227 1654 tantum
240 1595 413 1654 coadunatio
428 1596 478 1652 illa
498 1595 535 1651 ab
558 1595 669 1651 unitate
691 1590 817 1664 incipiat,
833 1592 863 1646 et
877 1590 916 1645 sic

130 1705 171 1760 per
182 1687 289 1760 regulas
303 1687 334 1742 et
349 1700 403 1759 per
416 1683 549 1740 ordinem
561 1683 752 1740 continuatim
768 1683 915 1756 procedat.

131 1776 152 1832 Si
169 1791 214 1847 par
226 1790 365 1832 numerus
380 1772 603 1841 coacervabitur,
617 1789 669 1846 per
682 1771 811 1828 medium
824 1771 917 1828 ultimi

130 1881 232 1940 sequens
262 1861 513 1935 multiplicabitur,
538 1878 564 1916 v.
584 1878 626 1934 g.,
650 1866 659 1916 l
686 1865 703 1916 2
723 1865 739 1916 3
758 1862 809 1916 tt
828 1863 855 1928 6,
874 1848 955 1915 ιεΙΒ

131 1950 399 2026 scirequotsint,per
416 1951 523 2007 senarii
533 1952 720 2008 medietatem
731 1950 917 2022 subsequens,

130 2041 198 2098 idest
211 2039 389 2113 septenarius
404 2039 620 2112 multiplicetur,
636 2044 664 2097 et
675 2039 745 2096 flent
766 2042 814 2108 2ι;
832 2055 917 2111 quam

130 2145 254 2186 summam
269 2127 405 2186 similiter
414 2128 686 2202 reddetsupradicta
695 2127 876 2183 coadunatio.
889 2126 918 2182 Si

130 2221 209 2274 autem
224 2218 321 2292 imper
346 2233 483 2274 numerus
497 2233 686 2273 numerorum
702 2215 918 2289 aggregabitur,

128 2322 169 2376 per
184 2309 322 2380 majorem
339 2306 381 2362 sui
393 2310 504 2380 partem
516 2306 629 2362 ultimus
640 2308 812 2377 aggregatus
821 2302 918 2360 multi-

128 2394 267 2466 plicabitur,
283 2399 318 2451 ut
332 2399 375 2450 est
389 2401 399 2452 l
415 2398 432 2450 2
452 2399 467 2451 3
488 2399 533 2451 05
549 2401 565 2454 0
584 2395 779 2466 7.ῐΜιιιιίριίεε
790 2397 920 2465 septena·

128 2481 188 2538 rium
205 2483 426 2556 permaximam
442 2484 484 2540 sui
501 2487 624 2558 partem,
639 2485 668 2540 id
684 2487 726 2540 est
744 2499 796 2558 per
810 2486 837 2539 l.
847 2483 920 2548 Qua·

129 2573 187 2625 ιιιῑ
203 2572 273 2626 liunt
286 2575 335 2638 28,
355 2571 405 2645 qui
425 2589 526 2628 omnes
540 2590 627 2647 supra
646 2572 766 2645 scriptos
779 2570 919 2626 terminos

126 2659 251 2716 claudunt.
269 2661 300 2716 Si
315 2661 500 2718 solummodo
516 2677 579 2733 par,
594 2665 626 2716 ut
648 2664 691 2716 est
701 2664 718 2715 2
730 2663 777 2734 416
793 2663 820 2722 8.
836 2660 920 2715 duca.

126 2747 161 2798 tor
173 2747 307 2804 medietas
321 2748 414 2804 ultimi
428 2749 577 2822 aggregati
593 2749 750 2822 perillum,
766 2748 814 2820 qui
824 2746 918 2821 sequi·

126 2821 161 2888 tnr
172 2835 267 2908 ipsam,
287 2839 320 2894 ει
335 2837 358 2892 si
386 2837 491 2912 impar,
507 2840 538 2894 ut
556 2841 565 2894 l
588 2841 604 2894 3
626 2841 642 2894 5
662 2841 677 2892 l
697 2841 725 2905 9,
743 2837 839 2910 major
853 2852 918 2910 pars

129 2922 204 2980 ultimi
217 2923 244 2979 iu
257 2942 288 2980 se
305 2925 437 2981 ducatur.

378 3084 491 3142 CAPUT
516 3085 648 3142 LXXXVl.
679 3096 687 3118 ⁰

283 3210 391 3270 Circuit
404 3213 591 3266 inauraturam
610 3213 736 3268 inuenire.

155 3315 245 3374 Circuli
259 3320 459 3378 inauraturam
473 3322 513 3376 sic
527 3337 658 3394 quoeras:
675 3320 849 3377 diametrum
862 3319 915 3376 cir·

127 3405 170 3458 culi
181 3405 380 3466 inaeductum
408 3411 526 3483 vigesies
547 3411 590 3465 bis
613 3410 779 3482 multiplica.
804 3410 917 3465 Ellectae

128 3505 227 3550 summa
255 3497 413 3570 septimam
441 3498 572 3571 accipias,
603 3499 718 3560 ethere
742 3498 838 3554 circuli
864 3499 919 3554 erit

128 3579 285 3654 inauratura3
315 3587 392 3658 quod
421 3587 499 3643 idem
523 3588 601 3654 isset,
626 3586 649 3642 si
671 3603 724 3659 per
743 3586 917 3642 diametrum

128 3668 244 3728 ειιειιιιιιιι
258 3674 477 3748 multiplicares.

371 3833 484 3891 CAPUT
510 3835 655 3892 lxxxvii.

246 3957 390 4014 Columnae
405 3959 541 4032 inaequalis
551 3959 628 4032 pedes
642 3961 768 4014 inuenire.

158 4059 181 4116 st
193 4063 272 4120 luerit
283 4067 421 4121 columna
437 4064 596 4138 iuaequalis.
614 4067 694 4138 cujus
715 4065 775 4121 ima
794 4067 916 4122 latitudo

130 4149 215 4218 pedum
236 4153 271 4208 sit
291 4157 337 4222 23,
357 4159 516 4222 summati,
537 4153 656 4210 altitudo
681 4158 724 4224 30,
747 4156 808 4226 ejus
829 4156 917 4228 pedes

131 4237 159 4290 sic
176 4257 287 4312 quaeras.
311 4244 372 4298 lma
395 4243 545 4298 latitudine
568 4243 597 4297 in
621 4261 650 4298 se
675 4243 872 4315 multiplicata,
886 4261 918 4300 ac

131 4341 222 4386 summa
244 4332 271 4388 in
291 4350 334 4400 se,
354 4349 386 4388 ac
410 4334 531 4404 utraque
555 4331 690 4398 invicem,
716 4333 919 4405 hisquetribus

134 4419 231 4474 sunnis
242 4421 328 4476 simul
342 4421 508 4493 compositis
522 4421 597 4476 fiunt
610 4420 698 4492 pedes
712 4425 774 4478 250.
801 4421 848 4477 llis
869 4440 919 4478 un·

966 1179 1007 1235 sic
1021 1196 1073 1255 per
1091 1181 1219 1254 singulos
1233 1185 1354 1257 angulos
1374 1203 1481 1260 perque
1501 1191 1591 1247 latera
1605 1208 1766 1265 percurras.

963 1267 1073 1326 Deinde
1082 1275 1212 1342 apuncto
1224 1271 1253 1327 in
1260 1275 1400 1345 puuctum
1411 1278 1524 1349 angulis
1535 1279 1667 1352 quadrati
1675 1285 1766 1341 extra·

964 1357 1765 1441 clausissemperlineamducaa,etoctogonumhabebie.

1271 1497 1384 1556 CAPUT
1403 1500 1456 1556 XC.

1027 1619 1177 1677 Stmctura’
1187 1624 1258 1678 eirca
1266 1631 1378 1695 plateam
1385 1627 1482 1698 poeitae
1487 1627 1568 1700 pedes
1580 1629 1707 1688 inuenire.

1003 1729 1032 1786 Si
1050 1730 1124 1787 datie
1142 1730 1228 1787 luerit
1242 1737 1354 1805 puteus,
1380 1737 1461 1807 cujus
1484 1737 1707 1796 diametrumait
1719 1757 1769 1814 pe·

969 1817 1038 1874 dum
1052 1823 1078 1886 5,
1092 1824 1121 1874 et
1132 1820 1282 1876 circaeam
1293 1822 1529 1882 lueritstructura
1539 1828 1712 1900 altapedum
1722 1831 1768 1897 20,

967 1909 1026 1964 lata
1047 1910 1155 1980 pedum
1181 1913 1209 1975 2,
1232 1911 1292 1982 ejus
1315 1917 1466 1972 structura
1486 1917 1625 1987 pedessic
1640 1934 1768 1990 quaeras:

968 1999 1119 2053 structurae
1147 1997 1330 2056 latitudinem
1352 2003 1438 2058 ducas
1458 2003 1487 2058 iu
1511 2021 1552 2072 se,
1580 2005 1653 2060 liunt
1675 2008 1702 2062 l.
1724 2004 1772 2062 llis

969 2086 1087 2158 adjicias
1101 2087 1179 2158 putei
1189 2088 1378 2158 diametrum,
1388 2095 1507 2148 erunttl.
1525 2093 1711 2150 lliiusellent
1724 2097 1770 2149 8l.

967 2175 1010 2229 Ab
1027 2174 1072 2230 his
1083 2175 1225 2232 diametro
1247 2178 1325 2248 putei
1348 2178 1433 2234 ducto
1453 2180 1482 2236 in
1501 2199 1530 2237 se
1544 2182 1663 2254 dempto
1677 2198 1771 2238 rema·

968 2266 1040 2318 nent
1053 2267 1097 2321 56.
1123 2265 1171 2318 llis
1189 2265 1324 2320 undecies
1341 2267 1443 2334 ductis,
1467 2272 1496 2325 et
1519 2287 1537 2324 a
1556 2286 1682 2334 summa,
1706 2288 1771 2344 quie

968 2351 1037 2407 inde
1052 2353 1218 2420 excreverit,
1232 2355 1456 2427 quartadecima
1466 2361 1582 2430 sumpte
1592 2360 1772 2432 eruntpedes

968 2457 1044 2516 areae
1060 2442 1103 2496 lt.
1117 2441 1149 2496 lli
1165 2458 1217 2513 per
1228 2443 1422 2513 altitudinem,
1444 2444 1475 2502 id
1496 2450 1540 2502 est
1556 2447 1676 2518 vigesies
1694 2449 1772 2505 ducti

969 2529 1041 2583 siunt
1054 2531 1116 2595 880,
1138 2529 1191 2586 Tot
1210 2535 1296 2586 eruut
1315 2532 1403 2604 pedes
1426 2550 1501 2590 areae
1511 2537 1556 2592 lt.
1569 2535 1602 2590 lli
1612 2551 1665 2608 per
1678 2537 1773 2593 altitu-

969 2616 1079 2685 dinem,
1100 2618 1130 2672 id
1152 2622 1195 2674 est
1211 2621 1331 2692 vigesies
1353 2623 1432 2679 ducti
1450 2625 1524 2680 fiunt
1547 2627 1609 2682 880.
1620 2627 1674 2682 Tot
1687 2627 1773 2682 erunt

967 2705 1055 2777 pedes
1070 2709 1228 2764 structurae.

1273 2845 1386 2902 CAPUT
1404 2848 1467 2903 XCl.

1070 2947 1214 3005 Pn'emotis
1227 2952 1307 3023 pedes
1322 2954 1440 3009 inuenire
1460 2957 1488 3009 in
1502 2957 1667 3026 orthogonio.

1003 3055 1032 3111 Si
1048 3055 1115 3112 data
1138 3055 1248 3128 prisma
1265 3058 1352 3115 luerit
1375 3061 1552 3133 orthogonii,
1570 3062 1651 3134 cique
1665 3063 1702 3120 sit
1722 3081 1771 3120 ca·

926 3143 1062 3232 Cthetus
1088 3149 1131 3214 10,
1158 3145 1233 3202 basis
1257 3151 1299 3214 ι2,
1320 3148 1440 3206 altitudo
1465 3153 1509 3218 20,
1532 3151 1593 3222 ejus
1619 3152 1707 3224 pedes
1731 3153 1771 3209 sic

968 3249 1080 3304 quaeras
1090 3250 1097 3289 ι
1108 3249 1161 3306 ρει
1175 3237 1321 3292 cathetum
1334 3239 1460 3294 athesim
1471 3255 1570 3296 aream
1582 3239 1659 3311 prius
1671 3243 1771 3300 ortho-

969 3321 1050 3395 gonii
1064 3324 1202 3396 reperias,
1215 3342 1279 3397 qua·
1295 3327 1350 3382 erit
1363 3333 1406 3385 aa.
1422 3333 1506 3388 Hanc
1517 3329 1771 3403 peraltitudiuem,

968 3416 996 3470 id
1011 3417 1055 3469 est
1069 3419 1285 3488 aoducasuent
1299 3423 1383 3490 {0803
1400 3425 1444 3478 tot
1457 3424 1542 3477 eruut
1550 3419 1638 3492 pedes
1645 3420 1770 3493 prismae.

1004 3507 1098 3572 Quam
1117 3508 1252 3566 inaurare
1267 3511 1290 3566 si
1312 3510 1365 3579 vis,
1383 3510 1533 3566 circuitum
1560 3509 1648 3581 ipsius
1672 3510 1771 3566 ortho-

968 3596 1059 3668 gonii,
1075 3596 1105 3652 id
1115 3602 1158 3654 est
1169 3601 1202 3654 36
1218 3615 1270 3672 ρει
1284 3599 1476 3667 altitudinem,
1492 3598 1522 3652 id
1537 3602 1581 3656 est
1594 3599 1628 3654 20
1641 3597 1728 3654 ducas
1742 3601 1772 3654 et

966 3685 1039 3742 sient
1049 3689 1117 3756 7203
1130 3687 1179 3760 qui
1194 3690 1281 3745 erunt
1295 3689 1384 3762 pedes
1399 3689 1584 3748 inauratura.

1262 3851 1374 3908 CAPUT
1392 3850 1471 3907 XCll.

1036 3957 1071 4011 Iu
1083 3958 1157 4014 omni
1180 3964 1316 4030 tetragono
1330 3959 1487 4029 diagonium
1500 3959 1629 4026 inemo-e,
1643 3959 1698 4012 etc.

1002 4065 1034 4119 ln
1046 4064 1127 4120 omni
1140 4067 1294 4137 tetragono
1303 4064 1361 4120 sive
1372 4063 1551 4136 aequilatero,
1573 4061 1630 4117 sive
1647 4060 1769 4133 longila-

967 4155 1029 4208 tero
1042 4153 1209 4225 diagonium
1226 4153 1266 4208 sic
1280 4152 1421 4208 invenies:
1439 4151 1621 4206 latitudinem
1634 4153 1663 4206 et
1677 4149 1771 4221 longi·

967 4241 1098 4296 tudinem
1119 4240 1265 4314 sigillatim
1281 4240 1309 4295 iu
1332 4258 1361 4296 se
1381 4239 1563 4313 multiplices,
1588 4253 1770 4294 summarum

967 4331 1157 4386 crescentium
1173 4331 1201 4385 in
1218 4348 1308 4386 unum
1328 4331 1402 4387 lutus
1422 4347 1544 4403 quares.
1566 4331 1624 4387 lloc
1636 4347 1688 4403 pro
1708 4329 1770 4385 dia-

968 4435 1045 4492 gono
1066 4420 1180 4476 habeto.

132 4499 205 4560 decies
228 4509 328 4576 ductis,
357 4525 390 4563 ac
417 4509 519 4564 exinde
540 4509 649 4564 euecta
669 4515 956 4590 summaquense-1,
1003 4508 1118 4581 Trigoni
1137 4507 1302 4580 orthogonii
1317 4525 1369 4582 per
1383 4509 1529 4564 cathetum
1541 4509 1580 4565 sic
1594 4507 1704 4564 invenis
1718 4509 1768 4564 ba-

132 4587 221 4649 decime
242 4597 371 4652 detracta
400 4597 517 4652 venient
544 4599 596 4652 203
623 4597 664 4666 S.,
696 4599 803 4654 scilicet
831 4600 918 4671 pedes
967 4595 1036 4651 sim:
1052 4597 1182 4652 cathetus
1207 4601 1251 4652 ιει
1277 4597 1408 4666 ducetur,
1433 4615 1511 4653 none
1529 4613 1595 4670 pars
1612 4597 1769 4662 auferatur,

132 4693 242 4738 arcarum
255 4701 378 4740 summa
393 4688 423 4740 et
435 4685 538 4740 medie
553 4701 587 4740 ac
608 4686 726 4742 infime.
752 4687 799 4744 llis
813 4688 917 4744 deinde

133 4781 170 4834 ρει
188 4773 297 4828 tertiam
323 4773 484 4829 altitudinis
504 4773 700 4846 multiplicatis
723 4780 808 4831 erunt
832 4775 905 4832 solid

136 4869 203 4923 penes
217 4863 294 4918 2035.

366 5013 478 5070 CAPUT
506 5015 660 5072 LXXXVIII.

369 5121 549 5191 Heroponum
560 5123 657 5192 secere.

162 5203 185 5259 Si
197 5209 312 5265 volueris
321 5209 505 5282 hexagonum
519 5210 625 5275 lacere,
635 5212 716 5284 cujus
730 5215 804 5269 latus
814 5214 918 5271 habeat

135 5291 203 5356 pede
220 5299 261 5364 ro,
276 5297 361 5354 iacies
376 5302 409 5354 tlt
423 5298 542 5371 pedum,
558 5298 666 5356 lineam
681 5305 710 5356 et
726 5300 755 5356 in
778 5302 919 5357 extremi-

135 5377 179 5433 tate
198 5384 254 5454 ejus
278 5385 415 5442 circinum
440 5387 521 5458 figas,
551 5391 580 5443 et
603 5387 741 5444 circulum
760 5389 862 5460 lacias;
888 5380 918 5447 et

137 5469 264 5534 qudiseat
283 5473 358 5530 linea
375 5475 507 5530 emedio
528 5478 627 5534 centro
649 5478 747 5534 circuli
768 5496 857 5553 usque
880 5481 917 5536 ad

140 5555 324 5616 extremitatem
336 5563 474 5636 ejusdem,
486 5563 593 5621 similes
604 5583 651 5622 ser
661 5584 712 5638 per
722 5568 917 5624 extremitates

138 5639 213 5700 circuli
222 5648 315 5720 ducas,
331 5655 359 5707 et
373 5653 557 5726 hexagonum
573 5655 699 5712 habetis.

966 4683 1070 4756 reliqui
1081 4685 1234 4740 dimidium
1246 4689 1387 4754 sumatur,
1398 4686 1452 4742 erit
1466 4687 1548 4744 basis.
1566 4687 1627 4742 Basi
1639 4688 1768 4743 ablatum

967 4773 1145 4836 restituatur,
1157 4773 1211 4828 erit
1226 4775 1416 4846 hypotenusa.
1433 4776 1481 4830 Vel
1496 4775 1549 4831 ita:
1562 4777 1667 4832 catheti
1683 4776 1770 4832 dimi·

967 4861 1047 4916 dium
1064 4864 1205 4930 sumatur,
1222 4862 1299 4934 quod
1314 4866 1360 4918 ter
1378 4863 1509 4930 ducatur,
1532 4867 1664 4920 remanet
1682 4863 1770 4922 basis.

967 4949 1015 5005 Vel
1029 4949 1183 5006 dimidium
1198 4951 1304 5006 catheti
1316 4950 1545 5021 sexiesducetur,
1557 4953 1769 5022 nonatollatur,

968 5037 1072 5110 reliqui
1087 5037 1244 5094 dimidium
1257 5037 1312 5093 erit
1324 5038 1408 5094 basis.
1420 5039 1481 5094 [tesi
1494 5039 1607 5096 reddita
1623 5056 1701 5096 nona
1715 5041 1771 5096 erit

967 5125 1157 5198 hypotenusa.

1253 5271 1365 5327 CAPUT
1383 5271 1474 5328 XClll.

1053 5381 1132 5451 Quod
1145 5383 1232 5440 stadia
1253 5387 1281 5441 iu
1295 5393 1372 5442 terris
1387 5386 1558 5458 respondeant
1572 5386 1690 5444 Zodiaci

1266 5457 1400 5529 partibus,
1413 5462 1466 5513 otc.

1003 5565 1071 5619 Erat
1086 5564 1225 5621 Oatheues
1240 5565 1438 5638 philosophus,
1459 5564 1594 5638 idemque
1617 5565 1768 5636 geometra

967 5652 1178 5722 subtilissimus,
1195 5654 1426 5725 magnitudinem
1438 5649 1641 5719 tc1·rcni,orbis
1652 5667 1769 5707 irascere
