3932 6174
227 353 288 428 ,tor
854 349 1158 417 romusoucom
1175 349 1299 412 varan
1809 368 1853 425 ,02

235 480 281 538 ret
304 477 397 556 quatis
415 494 517 539 eorum
542 475 682 538 tortitudo
705 473 874 538 subsisteret
892 479 1042 551 explorare
1052 483 1080 544 Α
1092 475 1222 534 Domous
1239 493 1307 534 vero
1322 477 1424 536 Petrus
1441 475 1613 552 patriarcba,
1628 477 1719 540 relicta
1737 484 1849 548 Gradensi

237 569 387 628 deberent.
409 569 462 636 Qui
487 585 553 626 cum
572 569 711 628 Gradensi
734 568 905 626 decivitate
928 570 1042 626 istriam
1092 566 1855 642 urbe,ttivoattamadveniens,apudsanctitutianisuiu

237 658 354 732 petituri
367 659 515 724 euisssent,
532 660 675 732 predones
685 667 709 702 ⁷⁴
725 659 826 727 Sclavi,
847 658 896 732 qui
911 658 940 714 iu
955 661 1041 730 portu
1091 655 1260 728 patrimonii
1282 656 1432 713 ecetesiam
1456 657 1604 732 ospitatus,
1626 659 1663 716 ibi
1675 677 1722 734 per
1732 664 1855 738 integrum

238 747 467 805 Silvodisrectusi
476 747 642 818 latitabant,
650 763 736 820 supra
743 747 867 804 eandem
880 746 1041 804 naviculam
1091 761 1202 802 aunum
1214 750 1412 804 commoratus
1426 757 1450 792 ⁷⁰
1465 752 1517 805 est.
1532 749 1639 807 Tamen
1653 752 1794 825 perlectam
1805 774 1857 814 cum

235 838 372 894 velociter
386 837 543 894 irruerunt.
558 838 612 896 Ubi
627 854 692 895 cum
707 841 828 910 uterque
846 853 912 910 pars
926 837 1040 893 sortiter
1091 833 1271 907 ducepacem
1282 839 1619 911 propterTorcettensem
1630 840 1752 898 ellectum
1759 844 1858 904 minima

237 925 389 992 dimicaret
402 927 544 1001 multique
556 928 723 985 sclavorum
731 926 856 1000 percussi
872 926 1039 992 delicerent,
1090 924 1225 980 habebat.
1238 925 1368 981 Tandem
1381 927 1545 1000 patriarcba
1557 928 1621 984 duci
1631 931 1755 988 resistere
1764 949 1859 992 nouva-

236 1016 393 1073 novissime
401 1034 469 1076 vero
481 1021 565 1091 capta
574 1018 777 1074 veneticorum
788 1017 824 1072 ab
837 1015 948 1071 eisdem
963 1014 1040 1070 Sela·
1089 1011 1164 1081 lens,
1181 1015 1290 1069 occulte
1305 1014 1341 1069 de
1356 1014 1480 1072 venecia
1499 1015 1594 1084 exirit,
1617 1017 1785 1092 Romamque
1797 1023 1859 1080 adire

235 1104 276 1160 vis
290 1105 431 1174 navicula,
451 1123 553 1163 omnes
566 1106 693 1162 Venetici
708 1105 756 1178 qui
769 1105 846 1160 intus
861 1107 944 1160 erant
957 1101 1041 1158 occisi
1091 1100 1248 1174 disposuit;
1260 1119 1348 1175 quem
1359 1103 1485 1160 domnus
1493 1105 1713 1178 papatohannes
1723 1107 1862 1167 devotesus

226 1197 313 1268 ,suut
331 1194 455 1252 Predicti
470 1200 568 1252 autem
582 1194 743 1262 Sarraceni,
756 1193 876 1250 urbibus
888 1191 1042 1266 quasdiri-
1090 1189 1208 1262 cipiens,
1234 1189 1348 1264 integro
1372 1209 1449 1248 anno
1475 1209 1573 1250 secum
1598 1195 1704 1251 morari
1727 1198 1817 1270 coegit.
1832 1201 1861 1255 To

235 1299 301 1344 mus
312 1283 543 1353 devastatis,cum
551 1283 737 1340 inestimabili
745 1282 835 1355 preda
843 1281 880 1338 ad
891 1280 1039 1356 propriam
1090 1282 1223 1351 tempore
1237 1280 1361 1336 domnus
1376 1282 1463 1338 Ursus
1476 1283 1532 1339 dur
1541 1284 1788 1342 lohannemttlium
1797 1303 1862 1344 suun

234 1375 302 1428 suat
315 1373 432 1432 reversi.
445 1374 556 1430 Eodem
571 1390 639 1430 vero
654 1376 787 1446 tempore
799 1372 870 1429 dum
883 1370 1040 1427 Lodovicus
1090 1366 1120 1424 in
1136 1369 1278 1442 dignitate
1291 1369 1347 1426 sibi
1367 1373 1532 1427 consortem
1545 1371 1623 1428 feeit.
1635 1372 1711 1428 Tune
1725 1374 1863 1432 Sctavorauo

234 1461 395 1534 imperator
406 1463 500 1520 adbuc
512 1463 591 1537 apud
600 1463 796 1519 Beneventum
807 1463 1040 1518 commoraretur
1090 1457 1215 1530 pessime
1228 1461 1331 1531 gentes
1340 1463 1370 1516 et
1381 1460 1633 1518 ttatmaeianorum
1644 1460 1804 1520 Ystriensem
1812 1482 1864 1537 pro-

235 1551 432 1624 exercitusque
440 1553 500 1624 ejus
509 1551 626 1608 Taranti
636 1550 781 1608 civitatem
792 1549 1038 1623 obsideret,quam
1089 1545 1212 1603 vinciam
1239 1548 1399 1620 depredare
1420 1554 1570 1624 ceperunt.
1598 1550 1737 1616 Quattuor
1758 1553 1865 1610 videlicet

234 1637 386 1699 Sarraceni
397 1641 513 1713 captam
526 1640 706 1707 detinebant,
721 1638 864 1697 adelchisi
873 1639 1039 1711 Langobar·
1088 1633 1174 1691 urbes
1187 1635 1297 1692 ibidem
1310 1638 1539 1709 devastaverunt,
1548 1639 1579 1696 id
1595 1643 1637 1696 est
1649 1641 1774 1710 Umacus,
1783 1641 1865 1698 Civitas

234 1729 340 1786 dorum
353 1729 488 1804 princeps
504 1730 713 1804 imperatorem
727 1729 898 1801 extinguere
910 1726 1038 1784 mollitus
1088 1741 1173 1794 nova,
1188 1724 1325 1800 sipiares,
1340 1729 1427 1800 atque
1439 1727 1560 1785 Ruinius
1573 1728 1640 1802 (68).
1651 1729 1756 1786 Deinde
1769 1731 1864 1787 nunde·

233 1821 277 1880 est
292 1819 347 1894 (απ.
368 1822 430 1892 876,
444 1821 520 1892 Aeq.
537 1817 594 1893 25).
615 1818 674 1876 Sed
692 1835 758 1874 eum
779 1818 862 1874 tacite
884 1818 939 1875 hoe
957 1810 1150 1873 neiathum
1172 1817 1216 1872 est
1242 1814 1351 1872 domno
1377 1815 1448 1873 Urso
1471 1817 1536 1873 duci
1555 1819 1635 1890 quod
1658 1819 1819 1875 Gradsnsem
1836 1820 1864 1875 ad

229 1909 370 1984 perticere
383 1927 443 1967 non
455 1911 573 1978 valeret,
586 1911 769 1966 sacramento
782 1924 851 1964 eum
866 1907 1037 1964 constrinxit
1088 1904 1192 1960 urbem
1213 1905 1321 1960 vellent
1337 1905 1477 1976 transire;
1495 1923 1562 1963 oum
1579 1907 1699 1980 triginta
1714 1909 1819 1964 navibus
1837 1911 1865 1965 at

230 1999 309 2072 quod
324 2001 399 2057 ultra
410 1999 442 2060 ia
456 1998 575 2072 regione
590 1996 693 2055 eadem
707 2013 762 2054 nec
775 1996 837 2068 ipse
853 1997 907 2054 nisi
916 1999 1035 2069 rogatus
1086 1992 1864 2069 predictamcivitatemvenitlndepertlansienststrian,

229 2087 407 2160 veniretnee
416 2087 574 2146 exereitum
581 2085 834 2144 mitteretlteinde
845 2087 882 2142 ad
891 2088 1035 2142 Beneven-
1086 2084 1224 2140 audacter
1239 2099 1326 2156 super
1338 2086 1455 2142 eosdem
1469 2085 1585 2142 Setavos
1600 2085 1727 2156 inruens,
1738 2087 1764 2143 in
1774 2091 1865 2144 motum

229 2181 294 2235 tum
306 2193 372 2236 cum
383 2177 502 2246 rediret,
512 2177 686 2236 Sarracenos
698 2176 748 2249 qui
761 2176 837 2249 apud
850 2174 1035 2231 Terracinam
1085 2173 1204 2229 eosdem
1221 2173 1291 2229 cede
1303 2174 1468 2248 prostravit,
1486 2179 1519 2230 ut
1538 2191 1628 2233 nemo
1641 2176 1753 2233 itteram
1766 2176 1866 2232 evadens

230 2265 396 2341 Campania
406 2267 567 2324 manebant
581 2282 733 2340 aggressus
746 2264 839 2338 (Sept.)
854 2264 971 2320 fortiter
984 2262 1035 2319 de·
1085 2262 1211 2334 patriam
1226 2263 1315 2320 valuit
1332 2265 1448 2325 reverti.
1467 2265 1615 2330 Quoniam
1635 2265 1745 2324 hisdem
1757 2265 1865 2340 princeps

228 2355 355 2425 bellavit,
370 2355 565 2430 undecimque
578 2355 660 2413 milia
674 2372 708 2412 ex
719 2353 760 2413 eis
774 2353 889 2422 oceidit,
904 2352 982 2410 etsie
997 2353 1034 2408 ad
1085 2354 1185 2410 celitus
1199 2353 1348 2410 victoriam
1368 2359 1547 2424 consecutus,
1571 2355 1688 2413 Setavos
1701 2373 1768 2430 quos
1782 2356 1807 2412 in
1823 2355 1865 2412 boc

227 2443 341 2510 ltaliam
353 2459 483 2502 reversus
498 2447 552 2501 est.
1084 2443 1244 2500 certamina
1257 2447 1376 2519 ceperat
1389 2445 1495 2500 liberos
1510 2443 1632 2514 dimisit,
1648 2445 1866 2518 ecclesiarumque

260 2535 320 2591 ttae
328 2533 453 2607 denique
461 2535 634 2608 tempestate
643 2535 760 2590 mortuo
768 2532 860 2590 vitate
870 2531 1034 2607 patriarcha
1084 2533 1865 2606 resquaesutstataeinprelibataprovinciatuerantresti·

226 2622 276 2698 qui
289 2623 467 2681 Gradensem
481 2621 631 2680 ecetesiam
651 2621 735 2678 anuis
755 2623 903 2678 rexerat...
926 2628 950 2664 ⁷⁸
966 2620 1031 2694 (66),
1084 2619 1247 2694 tuit,sicque
1261 2622 1429 2696 triumphati
1440 2640 1506 2679 cum
1515 2623 1611 2696 glorta
1620 2623 1757 2697 palatium
1767 2621 1863 2680 reddiit.

224 2728 348 2774 comnus
362 2713 462 2769 Petrus
476 2710 614 2768 diaeonus
627 2709 658 2766 in
667 2710 730 2767 loeo
742 2709 804 2784 ejus
817 2711 924 2767 electus
935 2707 1032 2779 est‚vir
1082 2710 1118 2766 Et
1132 2714 1251 2784 propter
1266 2713 1322 2767 hoe
1335 2712 1418 2769 ledus
1432 2713 1511 2786 quod
1529 2713 1610 2770 inter
1625 2713 1737 2770 Sclavos
1751 2715 1777 2768 et
1789 2712 1867 2768 Vane·

225 2801 378 2860 sanctitate
392 2803 555 2876 precipuus,
571 2799 763 2874 grammatice
776 2801 846 2858 artis
858 2798 1032 2872 peritus.ttie
1081 2800 1153 2858 ticos
1164 2801 1344 2870 otimluerat,
1353 2801 1516 2877 disruptum
1522 2803 1624 2858 estlto
1635 2801 1867 2876 temporeSaudm

225 2889 1031 2963 damuatihonoreseindgnumjudicsratpriusquam
1083 2889 1309 2948 sarracenorum
1325 2889 1469 2964 princeps,
1484 2891 1533 2965 qui
1544 2891 1575 2947 in
1592 2892 1744 2948 varensi·⁰
1755 2888 1868 2962 urbetttt)

225 2981 429 3054 aligerorum
442 2979 888 3053 ltaliamcontugit3sedtandam
897 2978 1031 3052 precibus
1078 2978 1142 3051 jam
1162 2979 1271 3036 dudum
1284 2983 1383 3053 captus
1398 2997 1489 3053 usque
1505 2981 1541 3037 ad
1552 2984 1673 3057 ternpus
1688 2982 1760 3038 istud
1773 2995 1867 3037 earcere

224 3069 369 3139 reductus,
390 3069 494 3126 invitus
513 3069 550 3126 ad
574 3067 740 3142 pontificale
756 3069 871 3124 culmen
889 3067 1030 3124 ascendit.
1044 3102 1067 3166 C
1082 3072 1178 3124 trusus
1189 3069 1338 3136 manebat,
1353 3070 1389 3126 ab
1403 3069 1529 3144 aldegisi
1545 3071 1801 3144 longobardorum
1811 3069 1867 3124 duce

226 3159 383 3220 lodovicus
403 3158 467 3232 pius
480 3157 640 3232 imperator
662 3161 732 3214 tunc
749 3157 870 3213 Verona
882 3155 939 3230 (66)
960 3155 1032 3212 obiit
1083 3157 1218 3214 dimissus
1233 3159 1287 3229 (un.
1299 3158 1484 3231 876),itarum
1498 3163 1563 3231 post
1578 3161 1763 3234 aliquantum
1774 3163 1868 3232 tempus

227 3248 284 3321 (aa.
296 3247 358 3320 675,
374 3247 452 3320 Auo.
469 3247 524 3321 tt).
540 3247 628 3320 Apud
640 3247 804 3303 Torcellum
820 3245 939 3308 cuidem
952 3261 1031 3302 mor·
1081 3246 1517 3321 Tarentumreddiit,multaque
1527 3247 1867 3322 posteaChristianismata

225 3341 276 3400 tuo
305 3336 446 3395 Senatore
469 3336 615 3410 episeopo,
646 3335 696 3409 qui
721 3334 856 3392 altinatis
881 3335 1033 3392 ecclesiam
1083 3335 1868 3410 induxitltehinemortuoDomogoi‚Setavorumpessimo

227 3427 311 3488 annis
324 3425 507 3500 gubernavit,
523 3426 697 3498 subrogatus
709 3429 752 3482 est
763 3423 793 3481 in
805 3441 840 3482 ea
853 3424 921 3480 sede
938 3431 962 3470 tt
975 3425 1033 3480 Do·
1085 3423 1167 3492 duce,
1184 3421 1309 3481 domnus
1331 3425 1417 3481 Ursus
1432 3424 1489 3481 dux
1513 3428 1542 3482 et
1564 3425 1716 3484 lohannes
1731 3441 1793 3482 suus
1811 3423 1870 3479 titius

228 3515 352 3574 minicus
362 3513 450 3571 abbas
461 3511 596 3569 altinatis
605 3513 786 3582 monasterii,
796 3512 845 3586 qui
854 3512 925 3570 otim
939 3513 1035 3570 tuerat
1085 3530 1152 3570 eum
1175 3513 1279 3570 Sclavis
1301 3530 1404 3587 pacem
1423 3518 1454 3572 et
1475 3514 1668 3573 evincerdiam
1691 3515 1764 3572 iniit.
1783 3515 1870 3570 Tamen

229 3603 389 3664 monachas
403 3601 495 3660 saneti
507 3599 604 3671 lttarii,
616 3605 646 3658 et
657 3600 725 3658 inde
736 3617 932 3675 egressus,pro
943 3601 1036 3674 impo·
1087 3603 1424 3662 adversusNarrentaaos
1434 3605 1614 3680 cumquibus
1621 3603 1871 3680 jurgiumhabcbat

229 3693 285 3752 sito
308 3691 432 3750 crimine
448 3693 562 3748 veretro
584 3691 639 3748 sibi
662 3689 767 3760 absiso,
786 3691 864 3764 apud
885 3690 1035 3764 Spalatum
1087 3694 1243 3750 exercitum
1260 3695 1347 3752 misit.

228 3782 417 3858 postmodum
432 3779 610 3855 aliquamdiu
628 3783 760 3837 moratus
773 3784 828 3838 est.
849 3779 942 3846 Quem
967 3780 1037 3836 dum
1124 3783 1181 3840 ttae
1191 3786 1363 3856 tempestate
1378 3783 1547 3841 Dominicus
1563 3784 1734 3843 Olivetensis
1746 3783 1872 3858 episcopus

231 3874 335 3930 eontra
353 3868 433 3928 ducis
448 3870 598 3926 decretum
612 3871 713 3927 Petrus
726 3869 860 3943 egregius
874 3869 1039 3942 patriarcha
1088 3874 1220 3930 mortuus
1233 3877 1287 3937 est,
1302 3873 1351 3946 qui
1368 3873 1561 3930 olivolensem
1576 3877 1681 3932 sedem
1694 3875 1775 3932 anais
1786 3872 1872 3945 guber·

231 3964 286 4022 sub
300 3959 496 4020 anathematis
509 3959 623 4016 vinculo
633 3961 804 4028 coarctaret,
816 3959 1040 4031 ejusdemudu-
1089 3961 1167 4018 navit
1170 4002 1225 4020 .....
1238 3979 1245 4032 ;
1263 3956 1875 4030 domnuslobannesarchidiaconus,lta1ioi

233 4053 274 4110 cis
288 4051 395 4109 amima
409 4049 503 4124 gratia
517 4063 659 4122 egressus,
681 4047 845 4105 istriensem
867 4045 956 4120 peciit
970 4063 1038 4121 pro·
1088 4050 1202 4123 patricii
1217 4050 1302 4115 itlius,
1318 4051 1348 4106 iu
1363 4052 1427 4107 loco
1441 4052 1502 4124 ejus
1517 4052 1670 4109 ordinatus
1683 4053 1831 4109 estl’etrus
1846 4043 1874 4100 si·

234 4143 370 4200 vinciam.
1091 4138 1209 4212 quidem
1230 4139 1407 4214 patriarcha,
1432 4139 1480 4212 qui
1505 4141 1605 4197 Romae
1631 4141 1739 4210 luerat,
1759 4151 1874 4195 unacum

270 4233 352 4290 Circa
365 4232 420 4289 hee
438 4233 573 4304 tempora
588 4225 739 4286 sarraceni
758 4225 953 4297 advenientes,
970 4227 1040 4283 Gra·
1089 4227 1220 4284 iohanne
1230 4229 1481 4302 papattaveonam
1494 4228 1766 4302 adveniens,ibique
1779 4229 1874 4298 septus·

235 4323 356 4380 densem
367 4321 471 4376 urbem
482 4333 585 4392 capere
600 4318 781 4374 eonatisunt.
793 4318 850 4374 Sed
865 4317 972 4374 civibus
979 4317 1039 4374 lor·
1091 4315 1876 4391 giutaepiseoporumsinodocongregata,dnosepiseep0

235 4411 304 4467 titer
328 4407 552 4476 decertantibus,
575 4406 802 4464 Sarracenorum
825 4406 960 4478 impietas
980 4423 1040 4463 nou
1051 4398 1078 4460 D
1090 4406 1266 4475 Venetiae,id
1280 4409 1323 4462 est
1338 4407 1456 4463 Petrum
1464 4407 1650 4480 Equitensem
1666 4411 1697 4464 et
1709 4401 1876 4463 Leonemta·

235 4495 388 4572 prevaluit.
410 4495 519 4552 Tamen
542 4508 609 4551 oum
628 4495 739 4552 duobus
754 4495 915 4568 predictam
937 4495 1041 4552 urbem
1092 4497 1268 4569 pruleosam,
1293 4498 1322 4551 et
1338 4511 1388 4552 eos
1405 4495 1454 4568 qui
1473 4499 1557 4551 arant
1578 4495 1609 4551 in
1625 4496 1731 4554 eadem
1751 4487 1878 4569 provincia

236 4586 338 4644 diebus
352 4583 544 4652 obsedissent,
559 4583 767 4642 denunciatum
783 4587 826 4640 est
841 4584 950 4640 domno
970 4585 1041 4640 Urso
1092 4586 1198 4641 eleetos
1210 4585 1247 4640 ad
1262 4583 1388 4640 eundem
1399 4581 1878 4652 conciliumconvocavitutcontau·

236 4675 300 4734 duci
309 4693 316 4746 ;
325 4674 374 4750 qui
384 4673 696 4730 instantertotrannem
704 4673 797 4730 titium
809 4690 893 4729 suum
907 4673 1043 4730 adversus
1091 4673 1300 4729 tioniscausam
1312 4673 1390 4729 inter
1400 4674 1653 4731 Ursonemdueem
1665 4669 1877 4747 etpstriarcharn

236 4767 355 4824 eosdem
369 4781 436 4822 eum
450 4763 545 4822 navali
557 4763 683 4820 exercitu
696 4762 785 4820 misit.
800 4763 882 4829 Quod
898 4763 968 4819 dum
978 4764 1044 4820 Sar·
1094 4761 1312 4835 diligentissime
1325 4762 1605 4820 determinaretsed
1616 4763 1688 4820 dum
1698 4759 1878 4838 episcopium

236 4855 334 4913 moeni
349 4858 425 4913 sorte
440 4853 657 4928 investigarent,
675 4853 808 4926 protinus
822 4852 992 4909 recedentes
1003 4853 1039 4910 ab
1093 4850 1280 4908 clectistarde
1290 4855 1320 4908 et
1331 4852 1444 4924 expleta
1453 4851 1516 4924 jam
1529 4852 1802 4909 sinodoltaveanam
1812 4840 1878 4900 vani·

237 4943 321 5011 urbe,
336 4943 557 5002 cumaclensem
576 4939 634 5016 (tt)
660 4941 758 4998 vittam
780 4941 948 5015 depopulati
964 4945 1039 4998 sunt.
1093 4938 1378 5010 rent,eommuuioue
1390 4937 1877 5016 apapaprisati,dueetameniutar·

894 5038 1012 5096 VARIAE
1039 5037 1238 5096 lectiones,

272 5153 295 5188 Ἠ
310 5159 362 5201 voc
372 5142 552 5216 suprascripte
565 5143 590 5194 t.
609 5146 644 5199 ⁷⁸.
659 5155 755 5196 munus
767 5141 895 5196 recentior
912 5139 1041 5211 suppleuit
1055 5141 1084 5194 ia
1097 5138 1188 5196 codiee
1206 5141 1234 5194 3.
1308 5146 1332 5181 ¹⁸
1347 5155 1371 5194 c.
1389 5155 1412 5194 s.
1438 5137 1622 5214 suprascripto
1639 5140 1665 5194 t.
1739 5143 1761 5178 π
1775 5149 1799 5188 e.
1814 5129 1839 5188 d.
1854 5145 1875 5182 a.

235 5235 266 5292 g.
279 5216 461 5292 supracripca
477 5217 502 5270 t.
534 5219 559 5256 ²⁸
574 5227 598 5268 s.
613 5228 644 5287 p.
655 5213 837 5286 suprascripta
853 5216 877 5269 t.
933 5219 957 5255 ⁷⁹
972 5227 997 5266 c.
1009 5227 1035 5268 e.
1045 5213 1226 5286 suprascripta
1244 5213 1269 5267 t.
1285 5217 1309 5254 ⁸⁰
1322 5211 1364 5267 tta
1378 5213 1402 5267 t.
1415 5213 1442 5268 2.
1459 5213 1486 5269 3.

1017 5309 1129 5366 NOTAE.

271 5414 435 5490 (tetdonis
450 5415 495 5484 tt,
515 5427 617 5469 mense
641 5412 667 5480 t,
692 5408 783 5468 debus
799 5412 825 5466 6.
846 5407 953 5465 Chrou.
971 5407 1041 5465 Gra·
1139 5407 1182 5482 67)
1199 5407 1367 5465 Comachio.

237 5487 336 5545 dense.
1139 5482 1184 5550 66)
1200 5481 1323 5554 Umago,
1339 5479 1519 5546 Cittanuova,
1532 5478 1661 5550 Gervere,
1678 5477 1812 5552 ltovigoo.

271 5559 331 5636 (66)
352 5562 445 5616 lmmo
468 5556 498 5614 in
515 5554 621 5612 deibus
643 5553 813 5626 Braseiunis,
830 5555 904 5612 teste
921 5552 1041 5613 Andros
1139 5553 1184 5626 66)
1202 5552 1277 5610 Bari.

234 5633 415 5710 presbytero.
428 5629 479 5690 SS.
494 5629 539 5688 111.
555 5629 618 5688 2³7.
