3882 6170
200 289 250 345 171
702 292 733 348 S.
764 287 911 349 Abaoms
940 289 1085 351 mutus
1111 285 1359 350 ttoultntusts
1572 345 1575 352 .
1595 329 1599 338 ·
1775 301 1817 366 tut

202 411 272 470 Filio
286 430 345 471 non
358 414 460 482 tactus,
471 433 525 473 nec
537 420 659 483 creatus,
674 435 727 475 nec
748 417 861 492 genitus
874 419 923 475 sed
938 433 1006 492 pro·
1015 424 1044 483 A
1058 433 1146 491 quam
1158 415 1267 474 litterae
1282 435 1299 473 a
1313 417 1544 474 Lotharionsibus
1557 421 1667 494 accepit,
1681 423 1769 497 mribus
1781 445 1820 487 me

203 503 308 559 cedens
317 521 324 558 τ
333 525 347 554 a
363 504 612 576 aliirerotantnm,
623 527 637 561 s
649 507 914 579 Spiritussanctusa
923 510 1006 563 Patre
1056 507 1232 580 respondere
1243 505 1340 578 jussit;
1352 523 1421 562 nam
1435 505 1515 562 tama
1526 523 1596 581 pene
1605 512 1690 567 toturn
1702 515 1822 573 mundum

203 595 233 647 et
247 593 318 647 Filio
333 610 391 648 non
402 594 493 650 iactus
503 613 556 651 nec
566 600 688 664 creatus,
700 597 750 652 sed
764 596 1006 670 procedens,nqui
1056 595 1237 668 impleverat,
1248 595 1335 667 quod,
1348 595 1464 666 quando
1473 596 1654 653 Annuntialio
1663 601 1824 660 Dominicatn

203 679 284 747 dum,
299 680 328 734 id
342 681 533 752 quodest,nec
543 685 1007 758 penitussubtrabunt,synodicam
1057 685 1212 738 Parasceve
1227 682 1391 755 contigisset
1404 683 1510 756 absque
1521 685 1577 740 ullo
1592 688 1713 759 scrupulo
1725 689 1827 747 linisse-

202 767 302 822 domni
316 768 446 842 Gregorii
459 789 488 827 se
503 772 583 845 sequi
599 773 730 842 credunt,
745 773 793 829 ubi
809 773 849 829 ita
862 777 905 829 est
919 773 1006 848 scrip·
1056 771 1112 826 culi
1125 774 1208 827 emet.
1220 772 1261 826 De
1275 771 1358 827 initio
1369 770 1457 827 ctiam
1481 772 1622 829 Adventus
1635 775 1680 848 qui
1694 780 1752 832 ante
1763 778 1826 835 linti-

200 857 280 910 tum:
303 880 316 907 «
329 855 450 930 Spiritus
462 865 578 917 sanctus
593 878 646 917 nec
661 862 775 934 genitus
789 865 840 930 est,
857 878 910 918 nec
923 861 1005 934 iuge·
1056 859 1174 916 vitatem
1183 859 1686 934 Dominipersingulosannosagilnr,
1696 865 1827 938 aliquando

200 943 1007 1023 nitus,scdtantumprocedens.»llel1nequoquemundi
1057 966 1138 1006 error
1150 948 1334 1022 gravissimus
1348 948 1463 1017 exstitit,
1471 949 1543 1004 alliis
1555 950 1743 1008 inchoantibus
1751 958 1827 1027 posis

200 1049 299 1088 coram
321 1037 428 1107 populo
452 1054 619 1094 sermonem
634 1039 665 1094 in
688 1039 813 1095 Ecclesia
832 1039 1006 1096 Parisiorum
1056 1037 1177 1094 Kalend.
1191 1037 1368 1105 Decembris,
1383 1037 1446 1093 aliis
1456 1041 1534 1105 aute,
1550 1056 1614 1094 curn
1629 1057 1765 1112 nunquam
1778 1045 1829 1116 plus

200 1122 429 1181 adolescentulus
445 1126 549 1194 audivi,
567 1128 644 1200 quod
655 1127 752 1183 statim
767 1127 850 1184 linito
865 1128 944 1184 mille
957 1145 1007 1184 an·
1058 1130 1182 1200 mutuor
1192 1126 1402 1196 hebdomadas,
1412 1127 1515 1182 saltem
1529 1127 1697 1184 unamdiem
1708 1129 1830 1187 Adventus

199 1226 305 1268 uorum
311 1229 434 1270 numero
442 1214 633 1276 Antichristus
646 1215 1005 1290 adveniret,etnonlongo
1054 1215 1177 1284 habeon
1193 1231 1316 1288 cumque
1329 1215 1365 1271 de
1377 1214 1545 1287 hujusmodi
1571 1214 1724 1273 diversitate
1736 1217 1831 1275 soleant

199 1302 264 1372 post
280 1304 414 1374 ternpore
434 1303 748 1377 universale-judicium
763 1305 944 1362 succederet:
960 1306 1006 1362 oui
1056 1304 1256 1361 contentiones
1271 1303 1302 1359 in
1316 1303 1440 1359 Ecclesia
1448 1319 1586 1373 crescere,
1600 1304 1832 1361 conciliodetcrmi·

199 1388 400 1459 predicationi
416 1407 449 1447 ex
464 1392 626 1466 Evangellis
640 1409 672 1449 ac
699 1393 871 1466 Apocalypsi
888 1396 919 1449 et
931 1394 1005 1450 lihro
1056 1391 1187 1448 nandum
1202 1394 1255 1460 est,
1268 1394 1300 1446 ut
1312 1407 1413 1447 ornnes
1425 1391 1474 1464 qui
1489 1391 1519 1447 in
1535 1407 1570 1447 ea
1580 1391 1694 1448 vivimus
1705 1409 1785 1448 unum
1796 1409 1832 1448 sa-

199 1475 335 1547 llanielis,
345 1495 402 1551 qua
414 1481 494 1553 potui
504 1481 621 1550 virtute,
635 1481 736 1537 restiti.
748 1483 1005 1555 Deniqueeterro·
1056 1481 1179 1555 piamus,
1208 1480 1286 1553 quod
1298 1483 1391 1535 vestra
1411 1479 1553 1536 industria
1576 1480 1718 1550 concedat,
1733 1481 1776 1554 qui
1791 1497 1834 1538 nos

198 1579 263 1618 rem
278 1565 326 1637 qui
342 1566 377 1621 de
391 1566 449 1622 line
464 1569 566 1624 mundi
580 1569 701 1626 inolevit
714 1569 803 1626 abban
817 1587 899 1626 meus
913 1571 1006 1628 beate
1056 1569 1211 1626 unanimes
1224 1570 1284 1626 vult
1295 1569 1403 1624 habere
1417 1568 1448 1624 in
1459 1569 1546 1625 domo
1558 1585 1617 1626 sua.

200 1655 352 1710 memoriae
367 1655 527 1712 Richardus
555 1658 650 1731 sagaci
672 1658 771 1716 animo
787 1660 927 1732 propulit,
940 1663 1008 1733 post

686 1924 982 2038 stunt!
1011 1921 1368 2036 nunonis

825 2094 1075 2153 FLORlACENSlS
1096 2093 1241 2153 tenetls

411 2227 1010 2420 coenaculo
1085 2227 1645 2395 CANONUM.
1694 2182 1699 2190 ’

667 2448 770 2522 (Apud.
786 2446 1046 2516 llabill.1lnalect.,
1062 2462 1128 2505 nor.
1144 2447 1226 2518 edit,
1243 2463 1311 2521 pag.
1328 2448 1402 2518 tat.)

876 2697 1162 2788 MONITUM.

237 2980 311 3048 Aba,
338 2995 384 3034 eeu
407 2973 497 3046 Abba,
524 2975 703 3034 Floriacemis
725 2975 816 3042 abbas,
842 2975 923 3049 bajus
948 2993 1081 3032 canonum
1106 2975 1264 3032 collectionis
1279 2980 1385 3048 auctor,
1401 2977 1488 3049 qualis
1502 2982 1670 3049 quantusque
1683 2970 1773 3045 suerit,
1786 2966 1846 3022 docel

203 3052 361 3118 Aimoinus,
378 3052 436 3121 ejus
452 3049 607 3118 monoclero,
637 3051 665 3103 in
682 3047 748 3103 libro
761 3048 793 3103 de
807 3049 888 3119 ipsim
905 3048 993 3104 Vita:
1013 3065 1065 3120 quo
1077 3050 1106 3103 in
1122 3047 1187 3103 libro
1207 3048 1264 3119 ejus
1279 3065 1368 3104 necem
1382 3065 1453 3103 anno
1471 3048 1541 3104 loct
1560 3049 1699 3118 centipluse
1723 3041 1845 3097 memorat.

209 3123 307 3179 Varias
320 3123 424 3176 Alonis
441 3120 634 3176 lucubrationes
647 3125 762 3176 recenset
783 3121 804 3172 is
821 3125 924 3186 auctor,
938 3136 1030 3191 nempe
1043 3119 1085 3175 De
1099 3126 1229 3190 compoto,
1257 3119 1423 3193 decussatis,
1445 3119 1514 3174 lune
1528 3136 1560 3175 ac
1570 3118 1741 3192 planetarum
1758 3123 1846 3168 cursu:

207 3193 405 3250 collectaneum
431 3192 590 3261 defensionis
611 3198 704 3245 contra
732 3191 881 3262 episcopum
902 3190 1108 3259 Aurelianum,
1134 3191 1337 3262 Apolopeticum
1361 3190 1397 3245 ad
1409 3189 1555 3261 Huponcm
1570 3197 1597 3245 et
1612 3189 1765 3244 lietbertum
1778 3195 1846 3264 repet.

204 3267 343 3320 metricam
354 3263 491 3334 epistolam
502 3263 537 3316 ad
553 3262 675 3318 Ottouem
686 3264 883 3332 imperatorem,
899 3261 1017 3316 libellum
1030 3279 1108 3334 super
1118 3261 1249 3319 calculum
1264 3262 1387 3330 Victorii,
1399 3261 1483 3317 alium
1498 3263 1562 3317 item
1579 3260 1697 3316 libellum
1706 3257 1736 3312 de
1745 3250 1849 3332 capitulis

208 3337 366 3406 evangelicis
379 3334 413 3388 ad
435 3333 574 3388 odilonem
593 3332 717 3388 abbatem
730 3331 949 3400 Cluniacensem3
972 3332 1008 3387 ad
1027 3334 1083 3389 bec
1097 3333 1244 3404 complures
1259 3333 1391 3404 epistolas.
1408 3331 1509 3399 Quibus
1538 3329 1753 3388 commemoratis
1775 3323 1850 3379 cubdtt

209 3408 354 3462 Aimoinus
368 3407 396 3458 in
411 3421 469 3475 cap.
486 3407 532 3459 lb:
550 3404 681 3457 Existunt
695 3407 724 3456 et
738 3404 795 3458 alia
810 3404 847 3458 ad
861 3403 933 3458 alios
948 3404 1032 3476 hujus
1044 3405 1135 3460 sancti
1150 3405 1242 3459 Patris
1254 3405 1446 3478 scriptaque
1460 3420 1497 3459 ne
1511 3403 1614 3459 lectori
1626 3400 1850 3476 fastidiumgcnc

210 3480 286 3544 rent,
303 3491 380 3531 nunc
394 3474 511 3529 interim
525 3477 660 3546 tegantur
673 3489 726 3545 per
736 3473 893 3528 silentium.
907 3473 942 3527 In
956 3475 996 3529 bis
1012 3476 1136 3530 omnibus
1150 3474 1253 3530 nullam
1267 3478 1408 3547 superioris
1423 3473 1595 3530 Collectiom's
1609 3476 1763 3530 mentionem
1775 3469 1849 3540 stetit

212 3564 297 3620 neque
310 3549 393 3601 etiam
408 3545 562 3614 Sipcbcrtus
577 3544 765 3598 monechrude
780 3545 872 3600 Abone
893 3546 932 3600 ita
952 3545 1059 3618 loquens
1074 3549 1102 3600 in
1119 3546 1164 3601 lib.
1180 3546 1222 3601 De
1234 3548 1404 3618 seruatoribus
1419 3546 1612 3614 ceclesiastics's,
1628 3563 1689 3618 cap,
1706 3545 1768 3598 tte:
1782 3537 1850 3592 abbo

215 3619 305 3674 abbas
319 3616 506 3672 Floriacensis
525 3620 665 3688 quantum
680 3616 801 3670 valuerit
825 3616 856 3671 in
878 3619 999 3687 utraque
1018 3617 1148 3684 scientia,
1164 3617 1299 3686 ostendit,
1321 3635 1386 3674 curn
1402 3634 1488 3690 super
1501 3618 1645 3673 calculum
1660 3611 1770 3671 Victorii
1784 3622 1854 3686 com3

213 3692 363 3745 mentalus
378 3691 430 3742 est.
446 3689 551 3742 Praetcr
569 3704 702 3741 cononum
715 3684 900 3742 Colleclionem
912 3690 1023 3744 omisere
1036 3691 1117 3744 etiam
1135 3689 1214 3743 ambo
1232 3691 1277 3742 isti
1289 3695 1408 3744 auctores
1421 3690 1517 3743 librum
1526 3689 1569 3743 De
1590 3689 1654 3744 Vita
1664 3687 1695 3744 S.
1712 3675 1853 3742 eanmund

219 3760 370 3830 duplorum
381 3763 459 3829 rapis,
473 3761 549 3830 cujus
565 3767 653 3813 tamen
669 3759 738 3825 libri,
759 3761 800 3812 uti
811 3765 835 3814 et
842 3758 983 3829 predicta
995 3759 1164 3828 collectionis,
1173 3767 1314 3831 parentem
1325 3777 1377 3815 csse
1386 3761 1508 3815 Adonem
1518 3759 1663 3815 indubium
1671 3764 1718 3814 cst.
1825 3819 1830 3829 ¹

249 3832 329 3886 Liber
344 3829 496 3897 Cononem,
508 3848 585 3902 quem
596 3847 628 3884 ce
639 3831 792 3885 bibliotbcco
811 3830 955 3899 cotteqiate
969 3831 1041 3902 apud
1055 3831 1207 3886 mecoenas
1220 3831 1251 3886 S.
1268 3831 1408 3886 Martialis
1423 3833 1535 3888 ecclesie
1549 3837 1640 3887 noster
1655 3831 1746 3886 Petrus
1764 3820 1854 3880 urata

214 3905 291 3970 cruit,
307 3903 378 3957 rnilii
391 3905 510 3956 natusest
525 3903 581 3956 tuce
593 3902 667 3956 baud
680 3900 814 3970 indiqnas,
841 3907 896 3955 tam
909 3903 972 3972 quau
986 3902 1023 3957 acl
1037 3904 1211 3958 restituendas
1225 3909 1344 3958 ueterum
1357 3919 1492 3960 canonum
1512 3903 1637 3958 lectiones
1656 3908 1682 3957 et
1696 3899 1799 3954 lacunas
1811 3907 1855 3973 ”⁰7¹

208 3993 310 4047 parurn
324 3974 469 4029 conducere
478 3979 574 4045 potest,
592 3980 647 4026 tum
660 3975 723 4044 quio
735 3989 787 4044 quo
803 3975 830 4024 in
843 3972 915 4026 stola
928 3971 1073 4028 Francisca
1102 3973 1247 4044 respublica
1262 3991 1291 4029 eo
1303 3981 1419 4045 tempore
1433 3980 1506 4042 esset,
1523 3991 1554 4028 er
1571 3976 1615 4028 nis
1637 3969 1776 4029 canonibus
1788 3961 1857 4039 secale

214 4046 327 4112 elicitur,
343 4064 414 4117 quos·
429 4045 563 4100 medendis
579 4047 655 4116 rapui
668 4043 745 4099 malis
757 4059 788 4097 ac
804 4043 960 4113 infortuniis
974 4044 1078 4115 collcait
1098 4046 1170 4113 Aba,
1186 4049 1211 4100 el
1226 4044 1340 4116 Huponi
1354 4047 1414 4115 repi
1429 4051 1508 4118 atque
1527 4044 1657 4101 liutberto
1673 4043 1729 4116 ejus
1742 4039 1794 4110 lilio
1808 4049 1857 4091 cum

209 4125 290 4189 patre
304 4119 427 4186 coquenti
441 4117 536 4170 obtulit
549 4123 611 4171 onte
626 4131 728 4170 annum
743 4115 806 4180 997,
822 4115 871 4185 qui
886 4114 1013 4184 Hnyonis
1024 4133 1159 4186 supremus
1177 4117 1241 4186 fuit.
1257 4116 1452 4189 Acccdlt'quod
1465 4116 1555 4172 nullas
1571 4135 1585 4172 e
1599 4115 1757 4189 suposititils
1770 4111 1857 4164 ltma-

215 4206 310 4242 norum
320 4189 477 4258 pontificum
490 4187 606 4256 epistolis·
624 4187 745 4241 collector
760 4185 887 4249 adducat,
905 4189 1010 4240 tametsi
1019 4204 1069 4258 per
1088 4188 1116 4243 id
1132 4195 1182 4241 tem
1202 4203 1232 4241 us
1244 4188 1376 4259 ejusmodi
1389 4189 1538 4244 subdrta'tie
1553 4188 1654 4245 littere
1668 4202 1735 4243 caca
1749 4181 1859 4258 relictoue

215 4260 428 4314 admitterentur.
440 4257 508 4315 Haec
521 4273 653 4314 canonum
663 4257 856 4312 collectiointcr
870 4254 1039 4328 capitularia
1053 4274 1145 4329 repam
1185 4274 1329 4316 raucorum
1344 4275 1398 4314 non
1413 4261 1544 4315 immerito
1559 4277 1661 4316 censere
1672 4262 1757 4331 polest
1772 4282 1780 4322 ,·
1793 4261 1859 4320 cutm

216 4331 361 4400 inscriptio,
377 4345 458 4401 quam
471 4346 504 4383 er
516 4329 684 4384 membraneo
699 4327 786 4382 codice
796 4327 908 4395 fideliter
923 4328 1039 4396 exbibui,
1051 4333 1147 4385 rectius
1157 4329 1318 4385 imtitueudu
1328 4329 1432 4385 videtur
1443 4331 1492 4385 boc
1504 4331 1597 4388 modo:
1611 4332 1766 4388 luctemur
1779 4333 1859 4378 ctt'0·

215 4417 271 4456 uas
289 4405 397 4456 naonis
416 4417 536 4456 sanaris
551 4417 590 4456 eo
609 4401 755 4457 lluoouase
774 4399 1007 4458 erlloraanruse
1029 4417 1095 4458 asos
1114 4417 1216 4458 rruruu
1234 4402 1417 4458 intueantur
1437 4413 1542 4458 aenas.
