3862 6170
226 331 276 392 en
771 329 904 390 thOlNl
916 329 1072 393 nonnulli
1080 331 1326 394 cabalonensis
1795 347 1837 408 cn

228 459 336 518 hilasse
348 460 378 516 et
388 458 629 527 Alamannorum,
641 473 808 541 memopans
823 456 898 513 illius
908 458 1070 522 nationisA
1083 456 1259 531 ingredienti
1268 460 1387 516 domum
1404 460 1491 534 pedes
1498 475 1652 534 apparuere
1662 461 1753 520 detecti
1763 482 1840 526 azma-

230 550 370 607 illustrem
374 549 555 624 juvenemab
566 548 932 606 codemviroDeidaenronc
940 549 1031 620 ejecto
1084 552 1191 605 torum.
1209 550 1291 615 Quod
1306 550 1354 607 ubi
1369 549 1582 618 animadvertit,
1597 566 1658 606 suos
1671 567 1761 624 capere
1773 571 1841 612 arma

230 639 316 696 fuisse
329 642 530 696 curatumNec
543 639 627 695 nobis
641 639 723 696 oneri
738 638 793 694 crit
804 639 891 710 ipsius
907 637 1031 693 disertis·
1079 637 1173 708 jubet,
1182 656 1268 712 seque
1278 639 1448 710 praecedere.
1461 637 1601 693 Intellexit
1608 638 1726 710 protinus
1737 641 1843 700 theodo

228 728 293 784 simi
320 728 406 784 verba
431 744 540 801 ponere
559 727 621 796 viri,
637 743 703 784 cum
724 729 752 783 et
767 730 896 794 nostram
911 726 941 797 (si
955 726 1031 781 iose-
1083 726 1157 782 ricus
1174 727 1293 782 fratrom
1318 728 1416 784 dolum
1432 726 1626 800 praesensisse3
1642 729 1677 792 ct,
1693 744 1724 782 ne
1741 731 1844 802 amplius

128 854 133 864 .
229 817 340 889 rantur)
347 819 504 874 honestent
513 819 680 884 materiam,
690 820 718 872 et
728 817 823 890 gentis
831 815 1030 872 fortitudinem
1083 816 1270 871 manifestum
1286 817 1368 871 fieret
1380 816 1499 882 sactum,
1512 816 1575 871 loce
1588 815 1706 870 muneris
1719 815 1811 872 discum
1825 818 1845 872 ei

228 906 413 963 innotescant
427 907 578 981 pariteret
602 906 737 963 decorem
755 905 859 974 ;simul
888 904 975 960 etiam
1001 906 1032 958 ut
1083 905 1132 961 dat
1156 909 1340 978 argenteum,
1358 905 1465 977 gratias
1493 920 1581 976 agens
1601 908 1712 976 propter
1733 905 1847 962 collatum

227 995 317 1052 virtus
332 996 384 1051 Dei
404 995 434 1051 in
450 996 549 1068 gentili
569 1012 684 1068 quoque
700 996 819 1068 operata
836 992 956 1050 homine
976 993 1031 1048 evi·
1083 994 1230 1050 auxilinm.
1247 994 1442 1050 Nescientibus
1457 1009 1526 1064 crgo
1537 991 1594 1046 suis
1605 991 1670 1065 quid
1683 994 1768 1048 actum
1781 993 1850 1064 leret,

230 1083 333 1140 denter
348 1088 497 1158 appareat.
513 1083 645 1158 nitergo
662 1082 765 1138 divinae
779 1082 851 1154 legis
865 1081 1030 1152 interpres:
1083 1081 1225 1139 Clutarius
1240 1085 1381 1137 metatum
1397 1081 1512 1154 repetiit
1528 1097 1620 1136 suum.
1636 1081 1700 1136 Post
1710 1081 1764 1136 hacc
1775 1081 1850 1136 Theo-

231 1195 246 1224 «
260 1173 435 1230 Candidatus
451 1172 610 1230 Constantii
625 1172 809 1244 imperatoris
822 1171 922 1226 rutilus
937 1187 1031 1238 coma,
1083 1171 1197 1228 doricus
1214 1187 1280 1227 cum
1294 1170 1351 1226 suis
1364 1173 1480 1244 questus
1491 1169 1553 1225 sinc
1580 1185 1662 1225 causa
1674 1185 1701 1224 se
1713 1185 1787 1224 suum
1800 1185 1854 1242 per-

230 1265 260 1318 et
273 1263 399 1318 candore
419 1261 547 1334 corporis
559 1259 689 1316 indicans
701 1259 877 1332 provinciam
890 1258 976 1330 (inter
986 1259 1034 1315 Sa·
1084 1259 1189 1316 didisse
1207 1259 1346 1327 catinum,
1362 1260 1505 1316 advocans
1524 1258 1747 1314 Theodcbertum
1768 1257 1853 1326 filiurn,

229 1367 319 1407 xones
333 1350 439 1424 quippe
455 1367 488 1406 ac
501 1351 679 1405 Alamannos
687 1365 758 1421 gens
767 1349 828 1420 ejus
839 1364 898 1404 non
908 1349 1035 1404 tamlata
1085 1369 1100 1398 ι(
1115 1348 1202 1416 Vade,
1219 1347 1269 1416 ait,
1285 1349 1322 1403 ad
1336 1351 1471 1420 patruum
1484 1351 1577 1414 tuum,
1592 1349 1621 1401 et
1631 1349 1693 1418 pete
1708 1345 1741 1401 ab
1754 1362 1784 1400 eo
1804 1361 1856 1399 vasa

230 1456 318 1512 quam
333 1438 519 1511 valida,apud
532 1436 938 1504 historicochrmania,nunc
949 1437 1035 1490 Fran·
1084 1453 1131 1491 me
1145 1437 1170 1492 ei
1187 1438 1263 1492 dono
1280 1437 1387 1492 datum.
1402 1457 1415 1486 n
1432 1435 1510 1492 Abiit
1520 1436 1578 1503 illa,
1593 1451 1625 1490 ac
1639 1434 1696 1488 sine
1708 1449 1783 1489 mora
1794 1431 1856 1504 quod

229 1528 273 1582 cia
288 1526 392 1584 dicitur
412 1525 542 1598 arrliqua)
567 1525 602 1581 ab
618 1525 740 1580 infantia
764 1542 907 1599 possessus
934 1541 951 1578 a
975 1523 1033 1579 dau·
1084 1526 1166 1598 petiit
1177 1526 1350 1598 impetravit.
1362 1525 1502 1581 Clotarius
1516 1524 1586 1579 inde
1601 1521 1771 1596 regrediens,
1782 1520 1858 1574 Rade-

229 1631 329 1683 mone,
346 1614 395 1688 qui
411 1614 543 1670 noctibus
558 1631 623 1670 enm
633 1615 753 1682 ululare,
763 1613 964 1685 ingemiscere,
974 1612 1032 1667 fre·
1083 1614 1204 1686 gundim
1219 1615 1309 1670 liliam
1323 1611 1555 1684 Berlharii'vegis
1570 1627 1667 1667 secum
1680 1609 1796 1674 abduxit,
1807 1624 1858 1679 que

229 1719 310 1759 mere
337 1702 471 1760 dentibus
488 1701 689 1775 compellebat.
704 1701 754 1757 llic
769 1705 879 1758 secreto
895 1702 931 1756 ab
944 1701 1034 1775 impe·
1083 1704 1270 1775 postmodum
1286 1703 1362 1776 apud
1377 1702 1522 1758 Pictavam
1540 1701 1643 1758 urbem
1671 1695 1763 1754 multis
1774 1693 1861 1752 eilulsit

230 1796 326 1850 valore
346 1791 525 1848 evectionem
536 1792 628 1865 petiit,
637 1807 752 1847 causam
762 1790 787 1846 ei
793 1790 962 1863 simpliciter
975 1807 982 1845 :
992 1790 1033 1846 in·
1044 1785 1071 1847 B
1082 1792 1242 1849 virtutibus.

228 1882 337 1951 dicans,
347 1884 386 1950 et,
395 1880 518 1954 acceptis
525 1881 562 1936 ad
568 1881 871 1953 consularemquoque
881 1879 1032 1936 Palestinae
1119 1882 1189 1936 Cum
1199 1881 1332 1956 igitur,ut
1343 1880 1431 1956 praela
1437 1880 1455 1936 ti
1466 1876 1783 1948 sumus,'l'beodoricurn
1791 1877 1862 1946 atque

227 1970 341 2039 litteris,
358 1987 424 2031 curn
439 1969 552 2042 ingenti
575 1969 686 2025 honore
714 1986 746 2025 ac
766 1968 906 2026 comitatu
928 1969 1031 2023 Gazam
1083 1969 1311 2038 Childebertum,
1341 1987 1413 2043 quus
1438 1971 1575 2042 junxerat
1605 1970 1717 2032 natura,
1742 1963 1861 2020 divideret

230 2059 368 2116 deductus
381 2061 433 2115 est.
448 2058 502 2124 Qui
516 2075 582 2115 cum
598 2075 615 2113 a
641 2057 843 2114 decurionibus
871 2056 925 2112 loci
957 2055 1032 2112 illius
1082 2057 1235 2126 discordia,
1248 2059 1367 2114 tandem
1383 2059 1541 2114 domestico
1557 2055 1669 2114 loedere
1679 2051 1797 2110 civilium
1811 2051 1864 2104 sunt

228 2148 375 2220 quaesisset
389 2147 438 2204 ubi
450 2147 594 2204 habitaret
612 2145 739 2202 Hilarion
756 2145 925 2214 monachus,
940 2144 1032 2200 territi
1082 2149 1260 2222 sequestrata
1274 2148 1415 2203 bellorum
1428 2145 1599 2202 certamina.
1617 2143 1675 2200 Sed
1688 2138 1863 2216 quorumdam

227 2237 376 2304 Canenses,
391 2238 596 2309 putanteseum
611 2235 646 2290 ab
660 2235 838 2306 imperatore
850 2234 980 2301 missurn,
996 2233 1032 2288 ad
1083 2235 1275 2292 nefandorum
1302 2235 1502 2291 molitionibus
1516 2233 1686 2296 hominum,
1705 2229 1751 2304 qui
1765 2223 1865 2284 assiduis

228 2323 871 2396 monasteriumperrexerunt,utethonorem
886 2339 1033 2378 cornuven-
1082 2323 1210 2394 gaudent
1222 2324 1428 2380 mutationibus
1443 2339 1552 2390 rerum,
1568 2322 1678 2378 iterum
1705 2318 1790 2390 pacta
1804 2311 1866 2387 pacit

227 2413 296 2468 dato
307 2412 486 2482 exhiberent,
503 2415 541 2478 et,
557 2411 580 2466 si
594 2411 707 2482 quidex
721 2411 1032 2483 praeteritisinjuriisin
1082 2409 1186 2466 violata
1202 2415 1268 2466 sunt
1278 2412 1355 2484 jura.
1372 2413 1554 2484 Quapropter
1569 2409 1657 2466 multi
1673 2404 1807 2463 nobilium
1816 2399 1865 2464 ulii,

227 2501 404 2558 llilarionem
415 2502 489 2556 esset
510 2499 637 2567 offensae,
661 2516 735 2556 novo
757 2500 851 2557 oiilcie
876 2500 1031 2558 deleretur.
1083 2497 1195 2554 obsides
1209 2505 1330 2574 utraque
1344 2519 1378 2556 ex
1392 2504 1474 2575 parte
1484 2500 1533 2574 qni
1548 2500 1668 2556 luerent
1681 2495 1749 2561 dati,
1759 2487 1867 2547 servituti

226 2589 436 2648 Deambulabat
450 2591 548 2645 autem
561 2592 630 2644 tunc
644 2605 729 2646 senex
748 2589 778 2645 in
793 2589 888 2644 arenis
900 2589 1033 2645 mollibus
1082 2586 1281 2660 subjiciuntur.
1289 2591 1367 2644 lnter
1379 2592 1497 2646 caeteros
1509 2605 1574 2644 vere
1588 2603 1680 2660 nepos
1694 2581 1768 2639 beati
1777 2581 1866 2650 Grego-

227 2682 256 2734 et
268 2695 365 2735 secum
378 2677 414 2733 dc
428 2677 546 2750 psalmis
560 2676 655 2734 nescio
669 2677 738 2751 quid
763 2677 1029 2733 submurmurabat.
1081 2675 1116 2730 rii
1130 2676 1293 2750 Lingonicae
1320 2661 1397 2734 urbis
1412 2677 1548 2750 episcopi,
1566 2677 1640 2732 dum
1655 2669 1802 2745 cujusdam
1813 2665 1869 2720 bar·

226 2768 389 2840 vidensque
399 2769 513 2822 tantam
527 2766 643 2822 turbam
652 2766 828 2835 venientem,
845 2766 982 2834 subsistit,
992 2770 1030 2836 et,
1082 2763 1153 2820 barii
1176 2767 1290 2822 servitio
1316 2771 1507 2840 premeretur,
1525 2783 1542 2822 a
1568 2760 1727 2821 memorati
1742 2752 1868 2832 pontificis

223 2855 388 2914 resalutatis
403 2855 538 2912 omnibus
548 2871 694 2928 manuque
709 2855 750 2910 eis
765 2855 951 2924 benedicens,
967 2859 1032 2927 post
1081 2855 1276 2922 servo,Leone
1287 2857 1439 2924 vocabulo,
1450 2855 1499 2927 qui
1515 2851 1717 2927 praeparandis
1733 2845 1818 2921 epulis
1828 2841 1871 2898 mi-

224 2947 328 3002 horam
345 2947 464 3001 caetcros
479 2943 559 3000 abire
589 2942 846 3016 praecepit3illum
867 2959 935 2999 vero
964 2959 1029 2999 curn
1081 2941 1231 2998 nisterium
1243 2943 1406 3012 exhibebat,
1416 2941 1789 3015 subducitur,pristinaeque
1802 2930 1871 2988 libet

225 3034 313 3090 servis
325 3033 419 3090 suiset
429 3031 642 3107 apparitoribus
655 3047 785 3089 manere.
794 3033 833 3088 Ex
850 3032 939 3088 oculis
951 3031 1030 3088 enim
1081 3029 1133 3084 tati
1145 3033 1199 3088 hoc
1213 3032 1315 3088 ordine
1326 3031 1612 3088 restituitur.lludite
1627 3029 1736 3104 quippe
1752 3021 1870 3097 praelatus

225 3124 288 3196 ojus
300 3139 333 3178 ac
344 3123 434 3191 vultu,
450 3137 500 3176 cur
510 3120 644 3183 venisset,
654 3124 821 3194 agnoverat.
837 3120 941 3177 Statim
960 3136 1029 3192 crgo
1046 3120 1214 3197 Csacerdos
1235 3137 1300 3194 eum
1319 3121 1441 3177 Treviris
1454 3120 1591 3188 detineri,
1606 3117 1698 3174 mittit
1712 3127 1811 3187 pueros
1821 3106 1869 3180 qni,

225 3213 262 3268 nd
279 3210 542 3283 interrogationem
565 3225 717 3281 suspensus
729 3210 829 3278 homo,
848 3209 892 3265 vix
921 3212 1030 3264 terram
1080 3197 1871 3283 oblatodominoejuspreti0,illumexindeabducercni.

225 3300 353 3372 pedibus
369 3303 491 3372 tangens
505 3301 536 3354 et
549 3299 677 3354 immane
691 3297 819 3370 rugiens.
837 3297 908 3371 Syro
922 3297 1029 3371 quoin·
1080 3293 1188 3358 Quibus
1202 3299 1340 3355 barbarus
1363 3300 1537 3374 respondit:
1557 3321 1571 3351 o
1589 3299 1651 3368 llic,
1668 3295 1809 3370 inquiens,
1822 3293 1871 3343 tam

224 3392 388 3462 terrogatus
411 3387 516 3456 fuerat,
531 3403 666 3443 sermone
682 3386 968 3459 respondit.Videres
994 3387 1029 3442 de
1078 3373 1209 3456 praeclari
1224 3387 1338 3458 generis
1363 3404 1435 3460 puer
1461 3404 1519 3444 non
1548 3387 1728 3454 dimittetur,
1748 3382 1800 3439 nisi
1815 3379 1873 3438 mibi

225 3492 276 3533 ore
289 3477 426 3544 barbaro,
444 3479 473 3531 at
486 3476 534 3548 qni
549 3476 688 3531 Francam
702 3477 817 3531 tantum
834 3491 867 3532 ac
896 3475 1028 3530 latinam
1079 3473 1179 3530 decem
1194 3474 1275 3532 librae
1288 3475 1349 3532 auri
1365 3476 1479 3532 dentur.
1491 3497 1506 3528 n
1521 3476 1579 3532 lllis
1591 3477 1657 3532 haec
1671 3474 1803 3550 episcopo
1814 3486 1874 3525 nuu-

224 3567 345 3622 noverat
358 3564 500 3636 linguam,
516 3562 588 3636 Syra
609 3563 646 3620 ad
658 3580 763 3636 purum
778 3564 866 3620 verba
881 3580 1026 3631 resonare,
1078 3560 1228 3627 tiantibus,
1239 3564 1294 3620 Leo
1305 3581 1335 3620 se
1346 3565 1450 3621 obtulit
1463 3564 1578 3622 dicens:
1595 3587 1611 3616 a
1628 3562 1770 3621 Permitte
1787 3576 1839 3626 me,
1852 3559 1875 3614 ct

224 3657 327 3710 utnon
341 3653 447 3709 stridor
457 3652 649 3726 aspirationis.
661 3670 721 3708 non
730 3652 839 3710 idioma
850 3652 1028 3726 aliquodPa-
1078 3665 1133 3722 ego
1142 3668 1195 3723 per
1206 3653 1258 3709 Dei
1268 3653 1405 3710 auxilium
1419 3670 1541 3729 puerum
1554 3654 1701 3710 liberabo.
1718 3673 1732 3702 u
1750 3649 1808 3715 Ouo
1820 3661 1874 3721 per·

224 3743 327 3798 laestini
340 3743 452 3799 deesset
466 3742 582 3815 eloquii.
597 3743 749 3798 Confessus
764 3746 808 3798 est
819 3743 918 3815 itaque
928 3759 984 3816 quo
997 3742 1027 3798 iu
1078 3738 1391 3814 mittente,‘quacsitum
1403 3743 1450 3798 ille
1461 3743 1623 3816 quemdam
1640 3739 1793 3799 hominem
1805 3735 1876 3807 regat

224 3849 291 3888 eum
303 3832 391 3890 modo
405 3832 521 3888 daemon
533 3831 685 3901 intrasset;
700 3835 739 3901 et,
748 3832 1028 3906 utinterpretesejus
1078 3830 1110 3883 ut
1119 3845 1149 3885 se
1165 3830 1284 3887 domino
1296 3831 1389 3904 pueri,
1398 3831 1479 3905 quasi
1490 3831 1646 3906 proprium
1661 3831 1876 3894 famulum,ven·

224 3920 424 3993 intelligerent
437 3918 747 3994 quiGraecamtantum
762 3937 794 3977 uc
804 3921 1029 3979 Latinamnove.
1079 3916 1139 3984 dat,
1153 3921 1182 3972 ct
1194 3919 1319 3991 pretium
1333 3922 1396 3976 loce
1413 3919 1544 3976 beneficii
1559 3919 1591 3976 in
1607 3937 1678 3976 suos
1694 3936 1761 3978 usus
1772 3913 1874 3972 habeat.

222 4013 290 4068 rant
300 4012 439 4085 linguam,
449 4012 545 4068 Graeoe
554 4028 668 4084 quoque
679 4028 747 4068 eum
756 4012 955 4086 interrogavit,
966 4013 1027 4078 Quo
1078 4004 1203 4063 Obaudit
1213 4007 1260 4064 ille
1276 4008 1364 4071 dicto,
1377 4012 1406 4064 ct
1419 4025 1486 4064 eum
1500 4008 1660 4086 duodecim
1672 4007 1769 4064 aureis
1782 4016 1877 4059 memo·

223 4098 331 4156 similia
357 4100 443 4156 verba
466 4100 569 4156 eodem
584 4100 788 4172 respondente,
805 4100 939 4157 admirali
951 4103 1027 4158 sunt.
1077 4099 1140 4151 rato
1156 4096 1286 4152 vendidit
1299 4097 1370 4155 viro.
1388 4097 1476 4161 Qaeril
1491 4097 1597 4154 deinde
1611 4098 1751 4154 detenter
1765 4113 1782 4150 ὃ
1795 4093 1876 4148 [8008

222 4188 1028 4262 ldultesdeniqueincantationumeioccasionesetneces-
1078 4183 1147 4258 quid
1159 4185 1255 4258 operis
1267 4187 1320 4241 scit
1328 4203 1425 4258 agere.
1437 4186 1488 4242 Cui
1498 4187 1553 4242 Leo
1569 4203 1576 4242 τ
1596 4210 1611 4238 o
1629 4189 1664 4242 ln
1679 4177 1876 4260 praeparandis,

221 4277 523 4350 sitatemmagicarum
533 4278 701 4335 obtendenti
713 4279 818 4334 artium
833 4280 1026 4349 :aNoncuro,
1078 4273 1182 4348 inquit,
1193 4277 1284 4349 epulis
1301 4276 1394 4331 nullus
1406 4292 1453 4331 me
1468 4275 1612 4349 praeteriit
1626 4274 1782 4348 disciplina
1792 4268 1855 4328 artis
1865 4286 1876 4314 ¹*

222 4365 274 4433 ait,
291 4366 438 4438 quomodo
463 4366 624 4431 intraveris,
640 4367 690 4424 sed
705 4370 736 4423 nt
748 4384 833 4424 exeas
849 4368 878 4424 in
907 4370 1027 4425 nomine
1038 4391 1065 4452 D
1077 4365 1203 4437 imperat
1217 4381 1286 4439 ergo
1303 4361 1441 4421 domiuus'
1450 4368 1482 4420 ut
1496 4364 1680 4421 adveniente
1691 4365 1740 4421 die
1756 4360 1825 4418 Solis
1837 4355 1877 4428 (sic

223 4454 509 4511 Domininostritcsu
520 4456 623 4513 Christi
634 4456 1028 4530 impero.»Cnmqueeuratus
1077 4453 1156 4508 enim
1176 4453 1292 4509 barbari
1306 4453 1381 4509 diem
1398 4457 1502 4510 locant
1517 4453 1721 4518 Dominicaffll
1737 4452 1792 4508 [³¹0
1808 4445 1878 4520 Paret

221 4546 307 4611 esset,
326 4542 509 4616 simplicitate
531 4544 636 4600 rustica
653 4546 753 4602 decem
770 4547 832 4602 avvri
847 4547 935 4604 libras
957 4547 1026 4603 olle·
1076 4541 1250 4610 convivium,
1266 4542 1343 4614 qued
1356 4541 1468 4597 venturi
1489 4542 1526 4598 ad
1552 4559 1625 4599 eum
1646 4541 1738 4598 amici
1765 4534 1878 4595 habeant

221 4647 300 4700 relus,
314 4631 508 4688 hordeaceum
538 4634 574 4690 ab
588 4649 622 4690 eo
646 4634 756 4707 accepit
775 4651 893 4708 panem,
909 4636 1027 4693 audiens
1077 4631 1265 4687 admiratum.
1278 4632 1424 4700 Quodille,
1435 4636 1615 4705 congregata
1631 4621 1877 4698 multitudinegal·

202 4721 300 4795 .quod
319 4721 368 4795 qui
382 4723 432 4778 lali
446 4723 511 4779 cibo
527 4723 785 4780 alerenturaurum
798 4741 850 4799 pro
863 4727 923 4782 luto
941 4726 1027 4782 duce·
1076 4723 1171 4778 lorum
1187 4722 1426 4796 gallinaceorum,
1443 4721 1481 4778 ita
1496 4723 1678 4794 praeparavit
1703 4725 1735 4778 ut
1761 4715 1879 4776 dicerent

221 4815 325 4868 rent.»
340 4812 404 4867 llaec
419 4811 490 4868 dixit
504 4813 704 4885 Hieronymus,
719 4813 804 4871 virio
820 4819 919 4871 sancta
931 4817 1026 4872 liceis·
1076 4813 1202 4868 convivae
1218 4830 1248 4868 se
1263 4829 1316 4867 nec
1331 4812 1360 4868 in
1376 4828 1477 4868 mensa
1492 4811 1568 4882 regis
1583 4811 1647 4866 tale
1661 4809 1734 4885 quid
1750 4811 1877 4882 gustasse.

221 4899 264 4956 siu
274 4899 355 4955 omni
369 4900 489 4956 laudum
513 4901 659 4974 praeconio
676 4903 790 4974 dignus.
806 4903 862 4960 Nos
877 4907 974 4960 aulem
990 4904 1027 4960 ad
1069 4902 1191 4958 ,Gavisus
1202 4902 1338 4958 dominus
1349 4902 1474 4957 Leonem
1487 4901 1699 4974 promptuario
1712 4897 1841 4974 praeficit,
1854 4906 1880 4946 ac

221 5005 285 5045 rem
300 4991 423 5063 coeptam
440 4992 585 5046 vertamus
600 4991 764 5050 articulum.
1076 5009 1222 5048 summam
1236 4992 1280 5047 sni
1294 4991 1420 5064 gratiam
1432 4990 1573 5064 impertit.

541 5079 653 5136 CAPUT
662 5081 705 5137 lll.
1114 5084 1181 5138 Post
1193 5081 1262 5137 anni
1273 5079 1411 5136 circulum
1421 5097 1486 5136 cnm
1494 5081 1590 5136 Attalo
1605 5080 1651 5154 (id
1663 5081 1881 5156 quippenonren

321 5167 363 5224 De
377 5167 485 5240 reliquis
500 5166 618 5226 Cloterir'
631 5175 656 5224 et
671 5168 828 5224 Theoderici
839 5172 929 5240 pestis.
1077 5170 1189 5244 nepotis
1204 5168 1330 5240 episcopi
1340 5172 1411 5234 erat>
1425 5169 1453 5224 in
1469 5172 1563 5244 prato,
1579 5186 1618 5225 eo
1633 5171 1718 5244 quod
1732 5169 1780 5224 illc
1794 5166 1881 5220 custos

255 5255 386 5330 Denique
406 5256 476 5312 dum
493 5256 569 5328 apud
594 5256 773 5329 Thuringam
796 5273 886 5314 morae
911 5258 1025 5324 flerent,
1076 5276 1219 5335 equorum
1245 5262 1330 5326 esset,
1346 5258 1503 5314 descendit.
1520 5259 1554 5312 Et
1567 5259 1664 5314 versis
1684 5258 1740 5314 sibi
1770 5253 1882 5312 invicem

218 5342 412 5400 Theodericus
425 5344 507 5400 iratri
521 5345 645 5401 clotario
660 5347 785 5402 occultas
803 5350 884 5419 paral
896 5345 1024 5416 insidias,
1077 5350 1179 5413 dorsis,
1195 5366 1232 5404 ne
1257 5352 1493 5420 agnoscerentur,
1509 5349 1681 5421 loquentes,
1697 5347 1828 5402 Attalum
1849 5337 1881 5392 sit

221 5448 405 5505 expansoque
419 5433 447 5488 iu
461 5433 867 5504 partedomusvele,armatos
877 5439 941 5506 post
956 5435 1024 5492 illud
1076 5440 1251 5511 compellere
1265 5437 1370 5510 coepit:
1390 5459 1403 5488 a
1413 5438 1538 5509 Tempus
1548 5439 1603 5504 est,
1621 5436 1762 5510 inquam,
1778 5452 1795 5490 o
1808 5445 1882 5506 puer·

221 5531 297 5578 sture
309 5521 394 5593 jubet
407 5522 455 5594 qui
472 5524 628 5580 Clotarium
643 5524 773 5580 adsuunt
787 5524 951 5583 venientem
967 5526 1024 5582 col·
1083 5532 1113 5583 ut
1124 5529 1159 5583 dc
1168 5527 1260 5601 patria
1271 5525 1500 5599 cogitemusllac
1512 5525 1600 5598 igitur
1611 5529 1702 5582 nocte
1717 5526 1788 5581 dum
1803 5532 1883 5592 equo-³

219 5609 351 5682 loquium
361 5609 559 5683 eximproviso
567 5611 778 5670 interimerent.
792 5614 917 5671 Clotario
928 5616 1025 5689 itaquo
1079 5635 1095 5672 e
1110 5621 1192 5690 pastu
1204 5616 1360 5685 reduxeris,
1375 5631 1442 5670 cave
1455 5631 1491 5671 ne
1505 5630 1613 5671 somno
1629 5613 1775 5688 graveris,
1792 5608 1884 5672 sedni
