3862 6170
102 371 138 427 cr
594 355 756 419 nrsronn
769 351 1121 418 armachan-na.
1137 331 1176 416 ri.

1678 363 1732 422 682

102 493 240 551 cenandum
251 463 399 546 aiacritate
420 488 496 546 ultra
511 487 629 552 solitum
652 487 753 552 utitur,
770 485 875 543 erstin·
886 492 914 553 Α
925 501 990 542 cum
1008 499 1042 542 eo
1057 486 1201 541 exsultans
1225 483 1380 541 celebravit
1395 483 1513 543 Pascha.
1526 483 1670 542 Gloriosus
1692 490 1733 543 et-

1 524 8 633 i
100 581 242 638 ttiscereisa
255 579 312 636 suis
324 578 463 635 occiditur
477 582 507 633 et
515 576 598 649 Agila
610 593 735 649 regnum
742 575 874 648 arripuit.
927 574 1008 631 enirn
1019 575 1049 630 in
1056 575 1161 631 sanctis
1171 575 1246 629 Deus
1256 572 1368 630 assidue
1378 571 1560 645 sihiplacitos
1571 573 1731 631 mirificans

2 660 4 690 ³
99 671 161 744 Gothi
172 685 229 725 vero
238 668 302 739 jam
314 667 383 732 olim
393 667 495 722 vitium
510 665 565 721 hoc
586 667 616 720 in
631 665 875 722 consuetudinem
926 663 1060 732 famulos,
1070 662 1135 718 huie
1145 660 1346 734 egregioPatri
1356 661 1542 717 excellentius
1552 662 1731 734 caeterisjure

2 758 5 771 '
96 761 210 813 verterunt
231 761 270 823 ut,
282 757 352 811 dum
379 755 419 810 eis
434 771 483 811 rex
502 754 641 826 proprius
654 752 841 825 displicuerit,
859 768 878 808 a
926 751 1051 824 praebuit
1061 751 1117 806 iter
1129 750 1166 806 ad
1177 767 1208 805 se
1223 749 1421 824 perveniendi,
1434 750 1531 825 qui,in
1544 752 1672 807 convalle
1683 767 1733 824 po-

98 846 140 900 suis
149 845 329 910 interimatur,
342 843 446 899 Verum
457 842 657 899 childebertus
669 843 818 914 acceptam
830 840 878 895 be·
927 839 997 894 situs
1010 839 1216 911 lacrymarum,
1233 837 1414 894 ascensiones
1441 839 1580 896 virtutum
1595 839 1625 896 in
1645 842 1732 898 corde

1 998 5 1011 .
96 934 126 988 ati
137 931 261 987 vincentii
272 932 374 986 stolam
391 931 515 986 Parisius
529 929 633 998 delert,
645 929 877 1002 aedificatamque

96 1021 225 1075 solotenus
239 1017 388 1074 basilicam
404 1019 518 1074 nomini
533 1017 663 1089 ejusdem
679 1017 770 1072 sancti
784 1017 877 1072 levite

96 1124 120 1163 ac
131 1105 249 1180 martyris
263 1107 389 1162 dedicari
405 1107 484 1163 lecit.
498 1107 530 1161 ln
555 1123 613 1180 qua
637 1121 696 1161 non
722 1105 877 1160 minimam

94 1211 201 1251 acorum
213 1199 338 1267 partem,
350 1211 414 1268 quas
430 1211 498 1250 eum
513 1213 530 1250 a
542 1195 642 1250 Toleto
659 1196 820 1265 asportasse
834 1208 879 1248 su-

93 1301 133 1358 pra
144 1285 369 1351 memoravimus,
377 1275 447 1340 ‘cum
460 1284 552 1357 capsis
568 1283 798 1356 evangeliorum,
814 1297 878 1337 cru-

928 926 1108 1000 disposuerat
1118 943 1180 995 suo,
1190 927 1296 982 scalam
1307 926 1405 995 iacob,
1414 943 1561 1000 perquam
1573 929 1732 986 ascenden-

927 1018 969 1070 tes
976 1015 1071 1087 angeli
1081 1014 1234 1071 monstrati
1242 1014 1379 1083 sunt,suis
1388 1031 1554 1088 proponens
1564 1018 1732 1074 sectandam

927 1102 1107 1176 sequacibus.
1117 1104 1148 1159 ln
1160 1103 1240 1175 cujm
1248 1106 1357 1172 autern,
1369 1105 1400 1158 ut
1408 1121 1478 1177 pace
1490 1105 1622 1162 omniurn
1630 1107 1733 1180 loquar

927 1195 1105 1259 sanctorum,
1117 1208 1176 1248 non
1192 1190 1287 1246 dicem
1299 1190 1444 1263 martyris,
1454 1206 1554 1248 verum
1566 1196 1596 1248 et
1610 1194 1732 1267 apostoli

928 1278 1138 1343 transitu,tum
1164 1277 1326 1336 innumeris
1349 1282 1468 1351 tamque
1497 1280 1586 1336 divini
1611 1281 1733 1356 fulgoris

929 1368 1085 1441 splendens
1109 1367 1243 1441 apparuit
1269 1367 1314 1425 ria
1334 1367 1526 1424 luminaribus
1551 1370 1732 1445 vestibusque

929 1458 1033 1512 ornata
1046 1456 1232 1529 nuptialibus.
1248 1456 1346 1529 Neque
1360 1455 1481 1512 enimin
1498 1458 1619 1514 ao-callo
1634 1459 1732 1515 textile

93 1389 127 1426 ces
139 1389 239 1445 quoque
264 1372 380 1428 mirillci
396 1372 493 1442 operis
508 1370 622 1446 aliaque
649 1369 769 1427 devotus
783 1369 878 1426 arcel-

92 1459 224 1514 leatissima
236 1459 361 1516 contulit
372 1475 505 1515 munera.

373 1547 486 1604 carm
499 1547 565 1604 lllll.
928 1544 1106 1600 credendum
1130 1547 1173 1601 est
1198 1545 1364 1619 apparuisse
1389 1545 1521 1618 pallium,
1542 1562 1600 1620 quo
1615 1550 1732 1604 aeternae

173 1634 211 1690 Dr
224 1635 398 1692 Tbeodcbertt
412 1638 443 1691 in
457 1635 568 1692 ltaliam
583 1635 760 1707 expeditione.
927 1631 1154 1704 incorruptionis
1168 1633 1350 1705 migrabatur
1364 1633 1401 1690 ad
1416 1651 1552 1707 regnum.

115 1721 287 1779 Childaherto
298 1725 396 1796 itaque
411 1724 578 1780 cumfratre
593 1723 718 1780 Clotario
733 1723 877 1797 llispaniae
963 1719 1008 1775 Nil
1020 1736 1107 1793 porro
1123 1719 1291 1777 mirandum
1304 1722 1389 1777 hune·
1404 1721 1506 1779 divinae
1522 1724 1646 1781 latorem
1661 1725 1732 1799 legis

89 1812 165 1879 partes
175 1810 372 1883 aggrediente,
381 1811 608 1880 theodebertus,
617 1812 787 1868 Theodorici
802 1812 879 1886 regis
891 1807 1040 1878 Bhancin
1053 1808 1249 1880 assumptione
1263 1808 1380 1881 spiritus
1391 1811 1584 1884 promeruisse
1595 1813 1730 1886 gloriam,

87 1895 155 1965 filius,
168 1901 399 1955 memoratorum
409 1915 500 1970 nepos
513 1915 626 1972 regum,
639 1899 669 1955 in
685 1900 796 1956 ltaliam
811 1917 877 1956 cum
928 1895 1180 1968 quicorruptibilis
1191 1895 1284 1952 adhuc
1294 1896 1660 1978 circumamictustegmine
1672 1919 1732 1958 car·

87 1986 324 2042 maximosuorum
333 1987 462 2060 equitatu
471 1987 622 2044 contendit
631 1989 878 2062 eamqueabAlpi.
927 1982 981 2053 nis,
996 1983 1084 2038 tantis
1098 1983 1204 2040 effulsit
1223 1984 1430 2041 miraculorum
1455 1986 1556 2059 signis,
1574 1993 1606 2044 ui
1618 1989 1673 2044 nisi
1687 1989 1730 2045 vil·

86 2071 126 2126 bus
135 2090 216 2146 usque
225 2074 265 2130 ad
276 2075 492 2131 maritimorum
502 2075 628 2132 confinia
636 2077 768 2132 locorum
778 2092 878 2150 perva-
925 2072 988 2128 toto
996 2071 1168 2128 venerabilis
1179 2072 1482 2145 orbe,papavidolicet
1491 2075 1655 2148 Gregorius,
1668 2077 1729 2151 ejus

86 2163 152 2229 gatus
162 2161 345 2218 tributariam
358 2161 453 2219 effecit
465 2163 537 2219 etad
548 2163 803 2237 propriareditum
814 2180 877 2220 ma·
927 2163 1001 2214 esset
1013 2159 1078 2214 vitae
1093 2161 1201 2216 relator
1214 2161 1358 2234 simulque
1373 2165 1499 2219 assertor
1513 2163 1645 2232 eximius,
1661 2181 1728 2238 pro-

86 2249 167 2305 terens
187 2250 375 2307 llucellenum
398 2251 503 2308 ducem
518 2252 554 2308 ad
567 2253 786 2324 pervadendum
806 2251 877 2308 Sici·
927 2246 1385 2322 iectoahinfidelibusquibusdam
1394 2251 1730 2326 mirandisderogarctur

84 2336 139 2392 liam
152 2341 177 2394 el
191 2341 307 2412 reliqua
322 2340 410 2396 ltaliae
436 2339 562 2396 finitima
588 2341 715 2414 reliquit.
733 2341 797 2428 Qui,
813 2342 880 2414 Tyr.
927 2335 1162 2394 actibusllerum
1173 2341 1205 2393 ut
1216 2349 1387 2411 praeteream
1398 2339 1476 2411 quod
1492 2339 1730 2414 adhucpuerulus

83 2425 159 2483 rbem
171 2429 243 2484 mari
258 2429 458 2496 transfretato,
470 2429 596 2486 Siciliam
609 2430 737 2486 maxima
747 2447 781 2486 ex
795 2432 879 2502 parte
928 2439 1060 2481 cremum
1069 2424 1153 2497 petiit
1162 2425 1335 2498 intrepidus,
1342 2427 1430 2498 quod,
1440 2430 1471 2482 ut
1481 2427 1600 2500 quidam
1610 2433 1731 2503 propter

83 2515 189 2586 subegit,
208 2521 364 2589 castraque
378 2518 422 2572 rel
438 2517 524 2574 urbes
553 2518 642 2574 ltaliae
658 2519 829 2591 pervadens,
845 2535 879 2574 er
904 2517 909 2528 '
928 2514 1023 2586 ipsum
1036 2512 1078 2567 ait
1090 2512 1213 2584 sapiens,
1224 2529 1278 2569 nec
1291 2514 1428 2570 llartirms
1440 2518 1500 2571 toto
1516 2516 1684 2574 nominatus
1698 2519 1728 2575 in

84 2601 287 2674 subjugatarum
300 2605 398 2677 praeda
414 2605 567 2661 nationum
580 2607 665 2663 xenia
677 2607 878 2662 'theodeberto
929 2601 998 2656 orbe
1008 2600 1108 2658 iecisse
1119 2601 1732 2674 dignoscitur,illudcerteuonomittendum

929 2688 1017 2760 quod,
1028 2689 1271 2760 postmultiplioia
1281 2689 1490 2746 charismatum
1501 2691 1579 2748 dona
1589 2693 1625 2750 ab
1639 2695 1734 2752 omni·

929 2778 1047 2849 potente
1057 2776 1111 2833 sihi
1124 2793 1269 2845 concessa,
1278 2777 1734 2849 tribusadmirandis,necsaeculo

930 2867 1016 2920 antea
1025 2865 1157 2937 cognitis,
1167 2865 1350 2938 resplenduit
1359 2865 1515 2926 miraculis.
1524 2871 1555 2924 ln
1562 2886 1596 2926 eo
1607 2887 1734 2944 namque

82 2689 201 2748 mittebat
217 2693 296 2766 regi.

372 2781 484 2837 CAPUT
498 2781 575 2838 llllll.

313 2867 354 2923 De
369 2874 462 2926 sancto
477 2867 634 2926 Benedicta.

109 2953 880 3030 llujusprincipistemporibus,aCinnomannicaurbe
930 2952 1734 3032 quodsolointuituligatisolritrincularustiei,quodque

79 3041 188 3114 legatiad
198 3045 824 3117 castrumCassinumproiecti,beatissimum
831 3049 917 3118 Pac
930 3043 984 3097 sub
996 3042 1248 3116 momento,quasi
1261 3043 1313 3100 sub
1326 3043 1393 3099 solis
1402 3044 1497 3114 radio,
1511 3046 1735 3104 universusanto

80 3131 141 3186 trem
159 3135 361 3201 benedictum,
375 3133 679 3206 posteremiticam,ut
689 3134 881 3206 praemisimus
930 3133 1118 3204 conspectum
1133 3131 1195 3204 ejus
1210 3132 1344 3188 collectus
1367 3136 1409 3189 est
1425 3134 1567 3205 mundus;
1583 3135 1642 3191 sive
1657 3137 1735 3211 quod

1 3271 2 3290 ,
78 3218 154 3276 vitam
168 3221 197 3276 in
209 3222 262 3278 illo
279 3225 379 3277 sancto
395 3222 551 3294 degentem
563 3222 708 3291 coeuobio,
720 3223 881 3296 omnigena
931 3221 1021 3275 strata
1035 3218 1130 3294 palliis
1140 3236 1172 3275 ac
1187 3219 1349 3277 innumeris
1359 3238 1477 3278 corusca
1487 3223 1670 3296 lampadibus
1678 3224 1735 3290 via,

78 3313 370 3382 poposceruntprece,
381 3309 523 3366 utlratres
533 3309 880 3384 inmonasticaprohatos
931 3305 968 3362 ad
982 3306 1119 3378 polorum
1134 3307 1285 3364 subvectus
1298 3313 1341 3364 est
1358 3309 1427 3378 alta,
1442 3310 1594 3368 neminem
1608 3311 1648 3368 illi
1663 3317 1734 3386 puto

77 3399 289 3454 conversatione
315 3398 352 3453 ad
379 3397 571 3454 occidentales
585 3397 725 3470 dirigeret
738 3403 845 3471 partes,
861 3416 879 3455 a
930 3394 1143 3470 conferendum
1155 3398 1438 3471 sanctorum,hlagna
1443 3415 1530 3472 porro
1543 3401 1667 3470 nobis,si
1678 3400 1735 3458 dis-

78 3483 167 3552 quibus
173 3486 234 3541 leni
237 3488 315 3559 jugo
325 3487 432 3559 regulae
439 3485 493 3542 illis
501 3486 606 3559 abipso
615 3486 728 3543 traditae
734 3487 880 3544 Gallicana
929 3485 1066 3541 simulare
1076 3487 1222 3553 nolumus,
1231 3489 1274 3542 est
1284 3485 1392 3542 indicta
1403 3487 1556 3560 probitatis
1569 3490 1734 3559 necessitas,

75 3571 237 3631 subderetur
252 3574 448 3634 cervicositas.
465 3574 520 3640 Qui
543 3575 671 3648 gratanti
692 3575 791 3632 animo
807 3576 878 3632 dile·
930 3574 1033 3647 quibus
1043 3574 1237 3631 donatumest
1249 3577 1405 3631 tantumne
1419 3577 1508 3632 talem
1520 3577 1550 3634 in
1564 3579 1734 3651 praesentia-

76 3661 143 3716 ctam
152 3681 238 3720 saum
251 3662 426 3735 discipulum
437 3664 566 3720 ldaurum
575 3664 613 3721 ad
624 3664 676 3720 has
686 3665 880 3722 nostrasdire·
930 3679 996 3718 rum
1011 3663 1118 3719 habere
1141 3667 1309 3735 patronum,
1327 3667 1358 3719 ut
1377 3664 1413 3720 ab
1427 3664 1503 3720 illias
1518 3683 1669 3742 nunquam
1682 3685 1735 3742 pro

75 3745 248 3823 ritregiones
259 3750 567 3825 eiqucsanctissimum
578 3752 725 3809 suiobitus
738 3752 815 3808 diem
827 3753 880 3809 im·
928 3767 1012 3824 posse
1027 3750 1197 3822 magisterio
1221 3751 1412 3821 discedentes,
1428 3770 1493 3826 quea
1520 3755 1682 3826 audivimus
1699 3757 1735 3812 ab

74 3835 173 3895 minere
189 3839 342 3912 praedixit,
358 3839 573 3898 evidentissime
594 3841 751 3914 designans
773 3858 807 3898 eo
828 3859 879 3898 sua
928 3839 1012 3895 illoel
1024 3839 1130 3895 mentis
1142 3839 1231 3894 oculis
1243 3839 1367 3896 vidimus
1378 3841 1464 3898 inille
1479 3845 1736 3900 sectemur.hderit

72 3927 473 3984 sacratissimatransierenda
487 3929 550 3984 lore
565 3930 697 3985 membre
713 3946 771 4003 quo
782 3930 875 3986 chari-
927 3945 980 4002 pro
995 3930 1075 3983 certo
1089 3927 1173 3984 nobis
1189 3931 1277 4002 utque
1294 3928 1443 4002 quondam
1458 3933 1622 4003 corporales
1637 3932 1734 3987 rustici

71 4013 435 4073 tatisvinculosibiunitnm
445 4017 877 4091 mittebaialumnumdnclylus
927 4033 1028 4084 nexus,
1039 4015 1079 4072 sic
1091 4018 1258 4072 nostrorum
1269 4017 1361 4072 solvet
1369 4016 1511 4088 ligamine
1521 4017 1733 4090 peccaminum,

73 4115 133 4173 ergo
147 4105 277 4162 Domini
291 4107 379 4162 levita
392 4106 516 4174 hlaurus,
533 4105 588 4162 iter
603 4107 640 4164 ed
654 4107 758 4164 Gallias
773 4126 874 4182 agens,
927 4108 957 4159 et
970 4121 1096 4178 quorum
1111 4105 1140 4159 in
1152 4103 1401 4176 contemplatione
1414 4104 1596 4160 totiusorbis
1607 4106 1735 4163 creditur

72 4187 167 4248 damin
176 4195 808 4268 pagumdevenissetantissiodorensem,die
819 4215 877 4270 qua
927 4193 1046 4265 elegisse
1061 4193 1217 4262 domicilia,
1225 4192 1368 4260 eorum,si
1383 4192 1485 4248 devote
1498 4192 1539 4249 ilii
1553 4195 1733 4264 adhareaut,

72 4275 876 4342 bominiceacoenaeermoreioterriscelebrahatursacra
927 4282 1039 4337 animas
1056 4299 1106 4336 sua
1121 4285 1275 4354 sequentes
1289 4281 1419 4354 vestigia,
1436 4298 1502 4338 cunr
1520 4300 1628 4357 magno
1644 4285 1734 4341 divini

70 4369 243 4440 solemnitas,
254 4371 296 4428 ad
306 4371 875 4444 monasteriumsanctiRomani,nutritii
886 4340 914 4400 D
926 4370 1044 4427 luminis
1059 4371 1225 4452 splendore,
1240 4371 1270 4426 in
1292 4373 1402 4428 aeterna
1422 4371 1545 4429 deducet
1559 4373 1732 4434 habitacula.

71 4458 210 4525 qnondam
226 4461 327 4517 Patris
336 4459 494 4528 Benedicti,
507 4459 632 4516 divertit.
648 4461 734 4535 Crrjus
748 4464 876 4536 gratuita
926 4461 1015 4533 liujus
1024 4475 1094 4516 sane
1115 4459 1207 4516 Patris
1221 4458 1322 4527 vitam,
1337 4463 1369 4517 ut
1381 4461 1550 4534 praedictum
1566 4465 1619 4531 est,
1633 4464 1735 4521 heatus

68 4548 259 4606 collocutione
273 4550 405 4606 laborem
420 4549 574 4623 longinqui
588 4549 700 4606 itineris
710 4551 836 4608 allevans
849 4554 875 4608 ei
926 4548 1038 4623 scripsit
1067 4547 1330 4622 papaGregorius3
1361 4550 1442 4621 cujus
1467 4551 1555 4607 flores
1582 4552 1688 4626 eloquii
1703 4553 1731 4608 in

69 4630 94 4686 in
104 4638 236 4706 proximo
252 4637 506 4694 essedenuntiavlt
517 4639 667 4712 diem,quo
679 4639 781 4695 heatus
792 4643 876 4697 Pater
924 4640 1024 4694 sancta
1039 4636 1192 4692 universali
1207 4636 1332 4692 Ecclesia
1358 4638 1436 4694 velut
1455 4655 1558 4694 aurum
1575 4640 1731 4714 refulgent.

67 4725 205 4783 celestem
223 4728 361 4799 gaudens
387 4727 540 4784 scanderet
554 4727 589 4783 ad
607 4725 743 4800 patriam.
760 4729 794 4784 Et
809 4746 875 4786 ecce
925 4727 1026 4783 Sedet
1055 4725 1116 4782 Odo
1147 4724 1318 4781 venerabilis
1343 4727 1431 4782 abhas
1446 4727 1532 4800 hujus
1547 4726 1732 4786 floriacensis

68 4815 144 4867 nocte
155 4813 207 4870 illa
222 4832 294 4888 qua
308 4817 442 4871 sanctum
455 4816 638 4889 praecedebat
653 4817 733 4874 diem
745 4817 873 4887 Sabbati,
925 4814 1106 4884 monasterii,
1123 4813 1153 4869 in
1168 4831 1225 4887 quo
1240 4831 1316 4886 saepe
1346 4815 1541 4872 nominandus
1553 4833 1673 4892 corpore
1685 4818 1731 4875 re·

66 4915 116 4969 quo
126 4902 227 4976 vigilia
237 4903 463 4960 resurrectionis
476 4904 581 4960 colitur
594 4904 709 4974 Christi,
720 4906 828 4962 scilicet
837 4925 875 4964 ιιι
925 4903 1046 4978 quiescit
1054 4905 1140 4960 Pater
1148 4903 1421 4977 Benedictus,ipsius
1432 4907 1605 4963 memoriam
1620 4906 1729 4981 inquo-

66 4985 180 5048 lialend.
192 4992 318 5065 Aprilis,
333 4993 426 5048 subito
437 4997 536 5065 raptus
549 4995 578 5050 in
599 4995 701 5067 spiritu
713 4995 783 5052 vidit
797 4996 874 5052 viam
926 4993 994 5048 dam
1008 5008 1145 5048 sermone
1161 4991 1291 5048 mirificis
1306 4994 1415 5048 extollit
1435 4994 1577 5051 laudibus.
1594 4996 1651 5051 Nos
1662 5013 1729 5054 vcro

65 5077 150 5145 palliis
160 5083 296 5136 stratam
313 5099 344 5136 ac
357 5082 519 5138 innumeris
529 5099 677 5140 coruscam
693 5084 875 5157 lampadibus
925 5100 977 5156 pro
994 5098 1093 5138 amore
1113 5080 1186 5136 tanti
1205 5079 1321 5152 patroni
1336 5081 1427 5138 nostri
1443 5081 1488 5139 his
1510 5084 1677 5155 praelibatis,
1692 5085 1729 5141 ad

66 5165 168 5240 atejus
177 5172 259 5226 cella
269 5171 305 5226 ad
318 5173 423 5228 coelum
438 5189 528 5247 usque
540 5175 724 5247 pertendere,
739 5175 875 5248 quodque
925 5171 1079 5228 Historiam
1098 5185 1291 5225 recurramus.

65 5269 94 5310 eo
103 5259 223 5316 tramite
232 5260 489 5317 dilectuallomino
503 5263 605 5318 celum
617 5264 874 5320 benedictosscen·
1219 5256 1332 5315 CAPUT
1350 5261 1439 5317 XXlll.

65 5343 150 5414 deret,
163 5349 313 5422 angelum
328 5349 381 5406 sibi
397 5351 543 5406 dicentem
557 5352 674 5408 audivit.
688 5353 722 5407 Et
737 5353 874 5410 adsere·
1070 5349 1111 5404 Dc
1125 5348 1255 5406 Belisorii
1268 5347 1375 5422 reliquis
1387 5352 1467 5422 gestis
1481 5357 1507 5404 et
1519 5367 1589 5405 nece.

64 5445 167 5506 tersus,
182 5437 335 5510 lacrymas
346 5437 450 5494 votivae
463 5439 572 5496 indices
584 5439 701 5496 visionis
711 5437 872 5510 effundens,
960 5439 1111 5496 Bolisarius
1135 5436 1232 5510 igitur,
1248 5435 1297 5508 qui
1320 5437 1385 5509 jam
1402 5437 1528 5494 secundo
1550 5437 1587 5493 ad
1601 5437 1727 5498 Africam

64 5525 189 5592 quesibi
201 5525 339 5582 revelata
348 5528 570 5584 inerantsancto
578 5529 709 5585 Romano
717 5530 831 5603 aperuit
841 5546 874 5587 ac
924 5529 1068 5586 transiens
1077 5527 1238 5584 vintharith
1244 5524 1439 5584 Vandolorum
1449 5542 1550 5599 regern
1562 5527 1728 5584 rebellionis

62 5613 239 5689 participem
266 5615 388 5672 celestis
402 5633 469 5672 eum
489 5615 598 5675 faciens
615 5618 724 5692 gaudii,
741 5622 873 5680 sanctum
925 5616 1728 5695 insimulatumsubdolopacisinteremerat‚residuosquc

241 5723 520 5782 Parnoncllllllllt.
1580 5725 1618 5784 22
