3992 6180
279 455 348 514 ties
758 513 759 516 Ἴ
797 443 982 504 uulnerum
999 441 1226 506 mentumis
1248 439 1415 500 nonnum.
1838 449 1887 510 iiii

283 578 318 636 de
333 573 400 633 sein
420 574 505 630 nocte
517 570 573 629 hoc
588 569 618 627 in
634 569 680 628 die
694 570 826 629 futurum
841 570 914 642 terat
923 567 1081 642 ostensum)
1094 575 1122 634 A
1133 568 1184 626 Dei
1196 570 1256 626 Deo
1267 568 1389 625 reddere
1405 565 1550 626 festinarit
1569 563 1661 638 (urin
1673 581 1738 638 xru,
1753 567 1801 643 ut
1812 567 1889 630 suu

165 719 170 726 ,
282 664 455 735 ordineque
475 661 647 736 predixerat
667 660 825 718 certissime
846 661 1002 733 compleuit
1018 677 1025 728 ;
1041 659 1081 715 ite
1132 661 1177 714 ter
1191 655 1887 731 autem,l3.tacobitttt)apostotiadmonitusjussious,

279 751 411 824 inquam,
427 754 460 806 ut
473 752 538 822 post
550 749 645 806 misere
672 749 852 821 mysterium,
879 752 944 821 post
954 749 1083 804 saluber·
1132 745 1213 801 omni
1228 747 1364 802 hnmanae
1373 749 1510 800 creature
1520 745 1889 818 maximequepoteutisemb

279 837 389 896 simum
413 837 597 894 Eucharistiae
627 841 753 909 gustum,
782 836 844 908 ipsa
880 836 989 909 pariter
1016 852 1083 892 cum
1134 833 1203 890 dere
1218 849 1276 888 non
1292 832 1419 899 cessavit,
1446 834 1501 888 sine
1524 835 1581 903 repi
1605 835 1682 904 quusi
1691 834 1841 904 precedenti,
1851 839 1891 892 rire

279 927 363 982 linita
377 925 466 982 missa
478 925 567 981 vitam
582 925 696 982 felicem
707 924 738 980 in
752 924 876 981 Domino
890 925 957 980 lesu
972 923 1082 980 Christo
1133 921 1243 977 ducibus
1254 929 1383 993 tanquam
1393 921 1427 976 nt
1439 938 1468 976 eo
1484 921 1617 988 missiand
1630 921 1771 978 uindictam
1778 923 1888 987 mutuum

282 1015 390 1070 finiret.
1134 1009 1239 1065 taudem
1253 1025 1313 1064 uero
1329 1010 1466 1077 bonorum,
1475 1011 1530 1064 etc.
1542 1008 1569 1076 (l
1578 1009 1748 1078 Permisit).
1761 1009 1813 1065 Non
1823 1011 1891 1066 minus

279 1100 735 1174 Tunepraerisorovans,animam
744 1115 810 1156 cum
821 1101 898 1156 sorte
909 1097 1082 1170 propinqua,
1134 1113 1213 1166 uero,
1230 1098 1259 1152 ni
1271 1098 1482 1164 fallor,B.Pauli
1490 1097 1694 1168 apostoliintra
1702 1097 1892 1162 comminiscens,

281 1190 434 1248 Commisit
450 1191 586 1258 Domino,
601 1191 749 1245 tumulans
761 1189 812 1244 sub
826 1188 937 1242 honore
953 1185 1083 1254 cadaver,
1134 1185 1182 1257 qui
1212 1185 1272 1253 ait;
1297 1184 1390 1242 Omnis
1416 1186 1508 1240 anima
1533 1185 1710 1255 potestatibus
1734 1187 1893 1242 sublimioribus

281 1282 316 1338 nt
329 1297 380 1336 sua
396 1280 446 1337 dat
460 1278 575 1345 sanctis,
584 1277 656 1334 siout
672 1280 759 1332 autea
772 1276 835 1348 ipse
846 1275 962 1332 volebat
1133 1273 1308 1330 eumitren:
1323 1289 1375 1328 non
1389 1278 1427 1328 est
1441 1274 1513 1328 euim
1531 1278 1659 1344 potestas,
1676 1274 1752 1328 nisio
1765 1272 1812 1328 Dee
1828 1290 1833 1326 :
1848 1270 1895 1340 Qun

176 1395 191 1410 ν
280 1368 408 1440 Corpore
424 1367 494 1423 dum
508 1365 585 1434 vixit,
600 1364 698 1421 Sedet
713 1365 820 1418 assecla
833 1362 907 1418 liber
922 1361 1029 1428 abibat,
1133 1367 1222 1419 cutem
1238 1361 1551 1428 sunt,el)eoordinntn
1572 1369 1636 1416 sant
1649 1390 1659 1430 ,·
1675 1364 1810 1434 itaqueeut
1824 1363 1895 1416 resistit

282 1455 391 1529 Optem
405 1455 470 1520 hoe,
486 1452 603 1510 Domini
617 1452 778 1525 requiescat
793 1452 866 1508 utin
881 1451 1029 1510 suavitate.
1129 1451 1320 1522 potestati,Dei
1332 1451 1618 1514 ordiuotmniresistit3
1634 1452 1682 1522 qui
1695 1457 1779 1504 nutem
1788 1451 1893 1515 ruirtunt,

318 1547 361 1598 lb.
376 1543 426 1600 llic
440 1541 528 1598 etiam
541 1542 618 1598 inter
632 1540 994 1607 secralittererumstudia,
1011 1542 1042 1596 ut
1054 1539 1084 1595 in
1135 1539 1185 1609 r'psi
1199 1538 1462 1594 utinamutinam
1490 1541 1635 1612 acquirunt
1655 1537 1747 1610 (Pron.
1762 1555 1814 1604 xm,
1835 1539 1896 1606 itu

283 1629 652 1698 omnibusessetidoneus,
674 1632 767 1684 artem
782 1629 937 1695 scribendi,
957 1643 1085 1683 necnon
1134 1626 1588 1698 iterum:Redditeerpmlratres,
1618 1627 1740 1680 omnibus
1757 1626 1894 1692 detitn3cru‘

282 1718 468 1774 citharizandi
474 1717 638 1790 pariterque
646 1715 1085 1789 pingendiperitiamdiligenter
1135 1715 1274 1782 tributum,
1287 1715 1419 1770 tributum
1432 1729 1440 1784 ;
1454 1715 1501 1770 eui
1516 1713 1637 1784 veetipct,
1648 1713 1763 1783 vestient
1771 1731 1778 1776 3
1788 1715 1827 1768 rut
1839 1716 1896 1766 time

283 1805 415 1873 excoluit,
425 1809 521 1878 atque,
530 1810 563 1862 ut
575 1805 615 1861 ita
624 1805 728 1872 dicam,
745 1804 877 1861 omnium
892 1821 989 1859 rerum
1001 1808 1083 1859 uten-
1135 1819 1200 1870 rm,
1218 1805 1358 1867 timoremr
1376 1803 1423 1858 cus'
1446 1803 1583 1868 bonorem,
1597 1803 1724 1857 bonorem
1737 1801 1845 1868 (lbtd.,t]
1855 1819 1861 1866 ς
1873 1805 1892 1854 ot

282 1894 379 1950 silium
393 1894 460 1965 vigil
482 1894 630 1965 inspector
650 1892 765 1952 etlulsit.
786 1893 967 1964 Quapropter
981 1891 1084 1947 nobilis
1099 1886 1206 1946 Bitem
1233 1891 1404 1947 huiceidem
1432 1891 1563 1962 apostolo
1584 1891 1615 1946 in
1634 1890 1699 1962 ipsa
1723 1907 1771 1946 sua
1790 1889 1896 1946 electione

282 1982 386 2055 quaeda
399 1985 544 2048 matrona,
570 1981 738 2053 AEdelpyrm
754 1983 928 2053 nuncupata,
957 1979 1084 2051 quodem
1132 1979 1273 2038 Dominus
1285 1979 1400 2036 dicebat
1414 1995 1421 2032 :
1434 1981 1545 2034 Durum
1560 1980 1603 2032 est
1618 1977 1671 2033 tihi
1685 1975 1897 2048 contrapousuus

280 2072 462 2126 momentulo
475 2069 585 2126 vocavit
601 2086 668 2126 eum
684 2068 820 2124 familiari
843 2071 961 2140 precatu
992 2067 1082 2131 adse,
1133 2085 1208 2124 mern
1222 2068 1372 2124 stimulum
1383 2067 1531 2122 calcitrare
1541 2065 1620 2133 (Act,
1636 2083 1675 2133 rr,
1692 2067 1730 2138 5).
1742 2062 1869 2120 lleceuin
1879 2065 1897 2116 st

281 2161 423 2232 quatenus
437 2159 486 2214 ille
499 2159 536 2214 ed
549 2157 795 2214 divinumcultum
807 2157 964 2230 quamdam
979 2157 1083 2212 stolum
1132 2157 1177 2214 his
1191 2157 1297 2212 similia
1322 2171 1471 2212 sacrarum
1486 2154 1702 2225 scripturarum
1729 2155 1853 2225 precepta
1876 2151 1897 2206 B.

279 2246 333 2303 sibi
345 2246 463 2302 diversis
473 2246 667 2302 formularum
681 2245 874 2302 schematibus
888 2244 948 2317 ipse
957 2245 1084 2316 praepin-
1132 2244 1298 2300 Dunstanus
1307 2243 1336 2298 in
1349 2241 1563 2298 sinucordissui
1574 2238 1897 2312 diligentcrnbseonditus

281 2336 570 2408 geret,quampostea
579 2336 749 2405 possetauro
757 2331 1082 2404 gemmisquevariando
1132 2336 1265 2404 peccaret
1277 2331 1400 2386 Domino
1413 2347 1421 2399 3
1432 2331 1483 2386 sed
1493 2329 1523 2384 in
1532 2325 1898 2400 mandatorumejuseloquie,

280 2437 433 2495 pompare.
459 2422 542 2486 Quod
556 2437 622 2477 cum
646 2421 748 2476 venien
764 2421 800 2476 do
814 2420 936 2486 lecisset,
958 2418 1080 2490 sumpsit
1131 2421 1317 2492 faucibusque
1349 2419 1437 2491 ipsius
1458 2434 1544 2491 super
1571 2418 1630 2473 mel
1646 2420 1677 2473 et
1699 2419 1790 2474 larum
1803 2413 1899 2470 dulciore

280 2507 1082 2578 secumexmoreeitharamsuam,quamlinguapaterua
1131 2509 1218 2582 (Prot.
1234 2525 1312 2576 xvru,
1331 2501 1898 2577 ll),lueernemveriluminispedibussuis,

280 2596 1082 2669 barpnmvnmmm,quosetemporibusalternismen·
1131 2598 1233 2670 quibus
1248 2597 1306 2654 vias
1329 2594 1445 2653 Domini
1472 2595 1646 2661 ambularet,
1666 2593 1798 2666 disposuit
1816 2589 1899 2662 teitu

278 2687 378 2756 tesqua
395 2685 432 2740 ad
446 2701 476 2740 se
488 2684 670 2740 tendentium
677 2683 927 2754 jucundareturin
943 2683 1080 2740 illa.'lunc
1131 2682 1583 2758 postquamsemandatisDeisui
1593 2677 1899 2737 cordatiusedoctumvel

281 2773 388 2846 quippe
397 2773 524 2846 quadam
536 2773 583 2828 die
597 2757 915 2844 post'prandium,dum
929 2771 966 2826 ad
977 2771 1081 2827 iterata
1131 2773 1328 2830 illuminatum
1343 2774 1509 2844 agnoverat,
1525 2770 1634 2841 J'uravit
1657 2787 1754 2826 secum
1768 2773 1795 2824 et
1805 2766 1897 2822 tirmitu

281 2876 370 2933 opera
386 2863 447 2916 turn
462 2859 523 2933 ipse
538 2877 625 2935 quam
642 2859 780 2932 predicte
794 2862 929 2914 matrona
943 2875 1009 2914 eum
1023 2859 1081 2914 suis
1129 2861 1229 2918 statuit
1241 2862 1270 2916 iu
1284 2859 1415 2916 cordium
1430 2875 1549 2914 suorum
1572 2859 1703 2925 secretis,
1718 2856 1846 2912 custodire
1861 2855 1901 2907 fine

281 2949 753 3024 operatricibusrererterentur,ex
766 2951 870 3004 eventu
876 2946 1001 3002 mirabili
1011 2963 1080 3002 con·
1132 2952 1214 3004 tenus
1224 2949 1332 3020 judicia
1341 2945 1537 3019 justitiassuae,
1549 2948 1581 3000 ut
1594 2945 1676 3002 idem
1688 2944 1819 3001 Dominus
1828 2941 1856 2996 de
1865 2941 1901 2994 bu

280 3037 348 3110 tigit
363 3041 393 3093 ut
406 3038 468 3094 haec
483 3033 905 3104 eademhentitironiscithare,
916 3034 1080 3107 pendensin
1131 3037 1232 3092 eadem
1249 3035 1393 3092 sententia
1408 3035 1476 3092 alibi
1500 3034 1614 3090 dicebat
1630 3052 1636 3101 ;
1658 3033 1716 3102 Qui
1724 3031 1899 3104 perseuerarent

281 3125 380 3182 rabilis
393 3126 513 3198 pariete,
523 3124 704 3182 audientibus
717 3125 826 3180 cunctis
833 3127 935 3196 sponte
950 3141 1011 3192 sua,
1021 3123 1116 3190 since
1131 3127 1254 3197 usquein
1267 3125 1402 3194 pineumttie
1427 3124 1516 3179 sulvus
1543 3125 1593 3178 erit
1606 3121 1719 3196 (Mettis.
1734 3123 1814 3190 mli).
1832 3118 1902 3172 ttiu-

278 3216 357 3270 tuotn
371 3214 551 3288 curjusquam,
566 3211 746 3284 jubilationis
760 3211 912 3268 modulum
936 3213 994 3267 elta
1013 3226 1081 3267 voce
1131 3229 1212 3269 rum:
1227 3211 1293 3267 Esto
1317 3213 1403 3282 fidelis
1433 3229 1515 3284 usque
1542 3211 1578 3266 nd
1605 3218 1730 3279 mortem,
1756 3216 1780 3266 et
1804 3203 1904 3263 dnbotbi

278 3305 457 3373 personaret.
473 3301 562 3372 Hujus
576 3300 655 3356 enim
665 3299 832 3373 antiphone
846 3298 1082 3354 melodiamcon-
1131 3317 1255 3356 coronam
1267 3304 1328 3356 uitae
1342 3301 1494 3372 (Apoe.i‚11,
1510 3299 1563 3371 io).
1581 3298 1628 3356 Sic
1653 3315 1790 3371 namque,
1805 3293 1902 3370 quantit

278 3389 403 3444 sinendo
414 3387 646 3461 personuit,etad
658 3387 748 3442 linem
760 3403 847 3458 usque
858 3386 1079 3442 seriecantando
1130 3388 1282 3454 laboriose,
1292 3404 1350 3442 una
1361 3403 1428 3442 cum
1443 3386 1614 3442 sublimibus
1628 3387 1659 3442 in
1673 3386 1764 3458 regali
1775 3379 1902 3456 paletiudiu

277 3475 406 3548 perduxit
420 3491 426 3530 :
442 3475 617 3530 Gaudentio
631 3475 709 3530 coelis
722 3473 829 3529 arsimus
840 3478 1020 3542 sanctorum,
1031 3474 1079 3546 qui
1131 3475 1264 3546 degebat,
1278 3474 1361 3530 binas
1373 3474 1500 3530 habenas
1514 3491 1595 3530 sacro
1610 3473 1810 3530 moderamine
1818 3475 1901 3532 tenens,

278 3561 381 3618 Christi
390 3561 581 3632 vestigiasunt
595 3560 684 3618 secuti
696 3578 704 3630 3
716 3564 745 3616 et
760 3560 829 3633 quia
836 3577 889 3633 pro
904 3561 969 3632 ejus
978 3578 1079 3617 amore
1129 3562 1337 3634 legisvidelicet
1346 3563 1527 3629 ettheorieas,
1538 3578 1591 3618 uec
1603 3579 1664 3618 non
1677 3565 1708 3618 et
1719 3561 1841 3635 practice
1849 3556 1902 3610 sits

277 3649 692 3722 sanguinemsuumluderunt,
707 3648 773 3705 ideo
785 3650 1081 3721 cumtlhristuregua-
1131 3649 1730 3706 Videntesrcrononnullicommorantium
1738 3647 1903 3704 militumbaut

278 3738 352 3795 bunt
360 3737 390 3794 in
405 3741 556 3794 aeternum.
577 3738 659 3803 Quod
681 3753 747 3794 cum
764 3737 920 3807 audissent,
933 3737 1081 3811 perterriti
1130 3739 1472 3811 conversationis(32)suae
1488 3739 1696 3806 constantiam,
1710 3739 1903 3810 creperunteun

276 3830 338 3884 tam
353 3828 413 3902 ipsc
423 3843 511 3900 quem
519 3829 1000 3900 memoratematrona,omneeque
1011 3843 1081 3899 ope·
1130 3827 1215 3882 unica
1229 3827 1376 3882 charitalis
1398 3827 1550 3882 dulcedine
1564 3828 1609 3882 vel
1622 3825 1819 3898 germanitatis
1831 3833 1902 3878 anon

276 3915 395 3972 ratrioes
408 3915 506 3988 ipsius,
533 3915 734 3972 obliviscentes
768 3917 889 3972 omnino
906 3931 1027 3987 operum
1049 3913 1080 3970 in
1131 3910 1901 3987 diligereperpluresautemecontrario,nebulosisncr

276 4003 422 4072 manibus,
438 4003 552 4060 attoniti
566 4020 628 4059 sese
655 4003 785 4060 invicem
798 4003 987 4076 aspiciebant,
1012 4003 1080 4059 setis
1130 4002 1206 4060 tibus
1218 4002 1345 4070 obducti,
1363 4019 1475 4074 coepere
1490 4003 1628 4058 eumdem
1644 4002 1697 4057 Dei
1713 4002 1804 4056 virum
1815 3993 1901 4052 amede
1961 4041 1962 4062 ,

276 4092 418 4149 mirantes
431 4091 501 4163 quid
509 4091 581 4150 illud
594 4091 726 4148 mirabile
743 4093 857 4164 gestum
866 4091 932 4146 nori
943 4092 1080 4164 praefigu-
1129 4089 1203 4146 simo
1221 4089 1286 4144 odio
1314 4089 1450 4145 vanitatis
1479 4089 1627 4156 detestari,
1651 4092 1682 4144 et
1702 4081 1902 4162 prosperitatibus
1961 4071 1962 4086 ¹

277 4182 359 4238 reret
369 4180 503 4252 exempli.
1129 4176 1217 4249 ipsius
1230 4180 1324 4233 morte
1341 4176 1614 4234 tenusiuridere.lli
1627 4175 1769 4233 nimirum
1781 4169 1903 4231 exsecrate

608 4267 720 4324 ollem
734 4269 780 4324 lll.
1128 4281 1184 4333 res,
1195 4264 1224 4320 in
1238 4269 1428 4336 augmentum
1444 4265 1562 4320 malitie
1585 4276 1837 4338 suae,quoscunque
1851 4255 1900 4316 alios
1961 4247 1962 4304 ἶ

273 4354 326 4412 Res
338 4362 418 4428 peste
432 4355 479 4412 sub
492 4354 636 4412 Edmuueto
650 4371 719 4428 repe.
742 4354 865 4412 Aebutio
889 4355 1079 4412 thstouieruis
1128 4356 1273 4425 poterant,
1289 4354 1325 4409 ad
1339 4353 1572 4424 persequendum
1599 4353 1690 4408 etiam
1714 4351 1844 4408 famulum
1865 4337 1899 4398 oei

397 4450 518 4516 suscepte
532 4471 541 4512 ,·
556 4444 707 4500 demonum
722 4443 827 4500 imidtar
840 4444 954 4498 evitate.
1129 4441 1331 4514 deposcebant.
1347 4440 1458 4498 Tandiu
1483 4441 1562 4496 enim
1586 4440 1663 4496 eirca
1682 4441 1765 4496 illum
1790 4431 1902 4494 torsemul

312 4535 354 4588 13.
370 4532 480 4588 Deinde
492 4531 735 4589 autemdeluncto
748 4531 1076 4604 regeAEthelstauotttt,
1126 4529 1287 4586 funiculum
1302 4528 1461 4602 iniquitatis
1484 4545 1597 4596 eorum,
1618 4528 1729 4601 seipsos
1748 4522 1901 4601 potiusiow

275 4621 306 4674 st
320 4622 395 4675 stetu
409 4619 706 4692 regnimutato,regis
716 4619 903 4688 succedentis,
914 4619 1077 4677 Eadmundi
1127 4617 1226 4674 nexuri
1245 4633 1333 4690 quam
1339 4617 1432 4686 illum,
1445 4620 1476 4672 ut
1485 4619 1579 4688 ipsum
1587 4633 1690 4689 regem
1713 4615 1842 4672 iniectum
1855 4603 1899 4660 vitii

275 4706 393 4776 scilieet,
406 4706 568 4764 sublimitas
580 4710 611 4766 D.
624 4711 815 4776 Dunstanum,
827 4707 876 4779 qui
888 4707 953 4764 vitre
970 4709 1076 4779 proba·
1126 4705 1254 4778 ipsorum
1275 4706 1482 4762 attaminarent
1498 4707 1528 4760 et
1541 4705 1691 4762 credulum
1704 4702 1818 4760 fallaciis
1827 4705 1902 4754 eorum

275 4793 340 4850 bilia
353 4799 383 4851 et
395 4795 503 4868 linguas
515 4795 663 4852 exstiterat
670 4795 799 4864 eruditae,
811 4795 1007 4868 conspectibus
1015 4797 1076 4868 cJ'us
1126 4793 1275 4849 allicerent
1302 4810 1308 4849 :
1321 4793 1370 4865 qui
1385 4793 1567 4862 continuo,nt
1576 4793 1656 4864 prius
1671 4793 1767 4848 luerat
1780 4779 1901 4854 abiniquit

275 4882 374 4938 edesse
389 4882 571 4956 precepitut
583 4885 670 4940 etlam
684 4883 745 4956 ipse
755 4883 833 4939 inter
843 4884 1077 4955 regiosproceres
1125 4882 1289 4947 instructus,
1310 4897 1418 4952 magno
1433 4880 1531 4938 lurore
1554 4883 1718 4953 permotus,
1744 4876 1823 4952 jussit
1847 4883 1902 4930 eum

275 4973 306 5026 et
318 4970 461 5043 palatinos
475 4970 621 5044 principes
636 4975 880 5028 annumeraretur
895 4972 1011 5027 electus.
1028 4971 1076 5028 llis
1133 4968 1230 5024 ablata
1241 4968 1482 5040 dignitateetium
1496 4967 1576 5024 omni
1587 4967 1700 5023 honore
1715 4962 1824 5038 privari,
1834 4951 1898 5014 etsibi

272 5057 322 5116 ille
333 5057 969 5131 imperiistemerenonresisteos,sedmemor
980 5059 1076 5133 potius
1131 5055 1193 5112 seni
1206 5059 1353 5111 moratum
1367 5058 1427 5126 (33)
1441 5055 1491 5111 ubi
1507 5051 1602 5122 veD'et,
1615 5054 1678 5110 sine
1693 5070 1725 5110 se
1743 5051 1845 5124 suisque
1855 5058 1902 5100 eon.

273 5145 392 5204 Domini
403 5147 551 5220 praecepti,
562 5162 626 5219 quse
635 5147 712 5220 regis
725 5146 891 5218 erisntregi,
905 5150 1075 5220 queautem
1134 5143 1259 5218 quirere.
1279 5144 1369 5200 Erant
1379 5146 1476 5199 autem
1487 5141 1563 5215 apud
1578 5141 1724 5198 Geodriun
1736 5141 1801 5212 (34),
1810 5134 1902 5192 utile

307 5252 377 5323 (23).
391 5252 586 5309 AEtbetstnnus
596 5268 647 5308 rex
657 5255 789 5309 mortuus
804 5254 846 5307 est
856 5267 933 5307 anno
949 5255 1014 5320 tito,
1029 5253 1076 5310 die
1161 5251 1218 5321 (³3)
1235 5248 1372 5316 Moretur,
1389 5249 1418 5305 id
1433 5254 1487 5316 est,
1499 5249 1638 5306 butitntr'o.
1845 5310 1850 5319 ,

272 5324 451 5382 eralendas
458 5322 636 5393 Novembris,
647 5322 875 5380 cuiEedmundus
887 5322 1076 5380 sireltdmun-
1163 5323 1218 5392 tat)
1238 5320 1373 5391 Suspicor
1386 5321 1525 5378 Seorsium
1551 5317 1723 5392 legendum,
1749 5316 1828 5386 idque
1843 5307 1900 5382 iden

272 5394 322 5450 dus
336 5393 426 5451 frater
438 5394 580 5450 suecessit.
1126 5409 1187 5448 esse
1202 5390 1280 5463 quod
1289 5391 1408 5447 nomine
1419 5391 1578 5464 composito
1592 5375 1901 5460 vulgariterttindsordt·

322 5468 365 5531 33)
384 5466 445 5521 lmo
456 5467 486 5521 Β.
501 5465 578 5522 Petri
591 5466 634 5518 est
648 5463 836 5520 dictuslocus.
1127 5463 1212 5530 citur,
1227 5463 1375 5518 castellum
1390 5463 1514 5533 regium,
1535 5461 1597 5517 aliis
1617 5459 1786 5528 ltindeforu,
1802 5453 1900 5508 adsitun

308 5533 364 5615 tt)
377 5535 515 5607 Expungo
530 5534 677 5609 supertlua
690 5534 747 5590 duo
762 5535 860 5604 rerba,
873 5535 1078 5610 misericorditer
1127 5534 1238 5590 habeus
1248 5547 1367 5604 parcum
1381 5532 1418 5588 ad
1431 5532 1615 5588 uenationem
1627 5535 1655 5586 et
1676 5529 1775 5585 silvanr
1790 5527 1840 5578 late
1852 5530 1900 5592 W·

272 5609 468 5660 msautrnrent.
1126 5606 1250 5660 tensam.
1266 5605 1327 5660 lter
1343 5602 1456 5664 uentu
1474 5603 1617 5670 scribitur,
1636 5599 1716 5674 quod
1730 5595 1836 5670 longius
1848 5588 1899 5644 abb

312 5673 371 5744 (32)
381 5673 439 5743 Ns„
452 5675 646 5750 conuentione.
