3992 6180
250 501 325 585 suaa
785 522 815 582 s.
830 518 1009 580 maratana
1029 521 1196 590 maurae.
1215 513 1390 583 maura.
1834 513 1887 588 ilas

294 651 337 708 38.
353 650 481 720 Cumque
497 663 638 722 supernus
648 647 794 722 inspector
806 648 844 705 ad
858 648 916 704 alta
925 650 1060 722 polorum
1075 651 1156 722 Ajus
1171 647 1379 706 exhortationis
1391 649 1547 706 clausulam
1557 649 1743 709 terminanda
1754 653 1886 726 posuisset

256 739 381 810 lastigie,
395 738 456 792 baeo
472 737 521 810 pia
536 738 692 811 omniaque
703 737 781 793 beati
796 737 848 792 viri
860 736 953 792 studia
966 735 1063 793 diutia*
1112 737 1204 796 nimia
1219 739 1313 796 cordis
1327 737 1467 796 charitate
1482 739 1624 814 poposcit,
1640 741 1718 814 quod
1733 741 1791 814 ipsc
1803 743 1885 816 primi·

256 829 329 884 sima
356 828 554 900 speculatione
584 828 776 901 conspiceret,
796 827 916 883 tandem
937 827 1062 882 decrevit
1111 828 1253 884 insceleri
1267 827 1408 901 petitione
1429 827 1604 902 impetrarit,
1627 829 1681 886 boc
1703 829 1885 904 siquidemut

252 913 1060 973 clementiusnnemlaboriosorumluctaminumsuorum
1111 917 1297 990 omnipotens
1320 915 1460 973 Dominus
1474 920 1596 992 paterna
1610 917 1717 990 pietate
1737 918 1884 992 manem·

253 1008 284 1060 ut
295 1019 361 1060 cum
370 1005 461 1060 beatis
469 1005 814 1078 angelorumagminibus
821 1005 1059 1060 remunerantem
1109 1021 1165 1078 que
1175 1003 1318 1074 fidelibus,
1335 1003 1476 1061 membris
1491 1005 1623 1062 videlicet
1636 1005 1886 1076 deambulationu-

253 1109 408 1150 nummum
421 1093 696 1167 acciperetincoelis,
707 1110 760 1167 pro
771 1109 828 1166 quo
842 1091 1058 1163 saeplssimaesu-
1109 1091 1196 1147 dandi
1212 1091 1378 1149 facultatem
1402 1091 1592 1161 condonaret,
1613 1109 1670 1167 quo
1686 1093 1844 1168 principium
1862 1101 1885 1152 at

252 1181 345 1249 daret,
357 1181 427 1238 dum
438 1184 569 1255 portaret
577 1182 638 1237 lere
649 1198 722 1237 onus
732 1179 856 1254 ipsiusin
864 1179 956 1235 terris.
965 1183 1058 1236 lnsta-
1107 1183 1194 1253 caput
1207 1195 1448 1254 quorumcunque
1464 1179 1592 1238 Christus
1607 1182 1636 1237 in
1651 1182 1785 1256 praedicta
1795 1183 1884 1257 diepo-

248 1269 299 1325 bat
309 1287 437 1344 namque
446 1269 799 1344 diespariterllomiuillei
811 1268 901 1324 nostri
908 1268 1057 1324 ascensio·
1105 1272 1203 1325 tenter
1214 1269 1394 1326 ascenderat.
1407 1269 1454 1326 llis
1463 1269 1511 1325 ille
1522 1268 1654 1343 alloquiis
1665 1271 1884 1344 caeterisqucpra»

249 1357 304 1427 nis,
313 1358 431 1432 diesque
445 1359 642 1415 advocationis
657 1359 756 1430 ipsius,
772 1356 802 1412 in
819 1373 878 1429 quo
892 1359 991 1412 tamen
1007 1355 1053 1412 die
1105 1357 1276 1414 dicamentis
1300 1357 1461 1413 salubribus
1480 1361 1527 1414 ter
1548 1358 1600 1415 sub
1616 1375 1675 1415 una
1688 1357 1745 1416 diei
1758 1359 1835 1433 ipsias
1846 1375 1883 1416 ce·

248 1447 372 1503 Domino
397 1447 523 1502 dictante
545 1447 700 1503 missarum
722 1444 847 1502 celebria
873 1443 935 1499 sine
956 1443 1054 1516 aliqua
1102 1445 1264 1502 lebratione
1276 1446 1499 1501 commissorum
1509 1446 1597 1503 corda
1608 1445 1882 1520 aifatiuspcrmonuit:

246 1532 363 1590 laesione
376 1536 581 1606 compleverat,
597 1539 626 1590 at
641 1533 829 1590 novissimum
850 1530 930 1587 verbi
945 1531 996 1587 Ilei
1007 1531 1051 1587 lo·
1101 1533 1197 1607 primo
1214 1535 1304 1602 enim,
1328 1538 1360 1589 ut
1374 1533 1582 1590 ecclesiasticus
1600 1535 1673 1591 ordo
1698 1537 1762 1608 post
1774 1533 1883 1591 lectionis

245 1626 380 1680 mentum
387 1623 540 1680 commisso
547 1623 600 1679 sibi
609 1624 716 1695 populo
727 1621 826 1677 multis
836 1621 1050 1692 cumlacryma·
1101 1623 1289 1696 Evangelium
1300 1623 1367 1695 jure
1382 1623 1508 1678 insinuat
1518 1639 1526 1692 3
1537 1624 1664 1680 secundo
1674 1627 1739 1695 post
1749 1623 1882 1697 gratuitam

244 1725 310 1766 rum
318 1709 459 1768 imbribus
468 1708 938 1780 ministrarit;dooenssemperDei
947 1707 1049 1763 Filium
1100 1712 1210 1766 collatae
1226 1709 1280 1765 sibi
1293 1710 1443 1783 potestatis
1458 1709 1712 1780 benedictionem,
1725 1712 1806 1768 terlio
1817 1725 1882 1779 vero,

245 1799 413 1854 desummis
438 1800 578 1856 coelorum
604 1798 718 1854 sedibus
738 1813 791 1870 pro
815 1797 945 1852 bumana
957 1797 1049 1851 salute
1098 1801 1164 1871 post
1187 1798 1242 1871 piar
1268 1797 1345 1869 pacis
1367 1797 1590 1867 conferentiam,
1615 1799 1734 1872 quando
1755 1797 1880 1855 mmmuai

244 1887 424 1944 descendisse
433 1887 577 1957 adterraa,
589 1905 645 1961 quo
667 1905 697 1943 so
708 1887 882 1958 Patremque
896 1901 980 1940 suum
992 1901 1049 1941 una
1099 1886 1228 1942 carmine
1243 1886 1399 1942 cecinimus
1416 1886 1534 1958 :Apaua
1558 1887 1619 1956 Dei,
1643 1891 1693 1961 qai
1716 1886 1880 1960 ratapant

242 1991 309 2031 cum
322 1975 450 2032 b'lamine
462 1991 542 2033 sacro
556 1993 646 2033 unum
656 1991 716 2031 esse
730 1975 821 2031 Deum
830 1948 1084 2046 praelapsus-¹3
1098 1975 1203 2043 mundi,
1218 1977 1339 2031 maerere
1361 1975 1446 2044 nobas,
1468 1977 1538 2031 tuno
1562 1976 1682 2048 quidem
1707 1980 1736 2034 at
1749 1977 1806 2050 ipse
1816 1989 1882 2030 com·

241 2068 320 2120 cerat
333 2064 458 2138 pietate;
474 2069 504 2122 et
517 2065 672 2134 utaadem,
689 2081 747 2137 qua
757 2062 894 2136 praelatus
909 2077 973 2116 sum
988 2061 1046 2130 die,
1099 2062 1201 2118 missos
1215 2063 1270 2119 sibi
1284 2063 1444 2136 agniculos,
1461 2065 1680 2136 apeccatorum
1697 2063 1773 2138 prius
1790 2061 1881 2137 ponde·

242 2153 353 2209 devicto
371 2153 486 2211 diabolo
510 2158 540 2210 et
553 2153 675 2210 liberato
691 2153 798 2226 populo
813 2169 878 2218 suo,
893 2150 989 2218 coelos,
1010 2148 1046 2204 de
1096 2150 1177 2207 ribus
1186 2152 1317 2222 leviatos,
1334 2152 1383 2225 pio
1387 2193 1442 2209 .....
1459 2151 1562 2228 relique
1572 2151 1768 2213 desideranter.

241 2242 343 2317 quihus
354 2243 451 2301 venire
463 2243 626 2313 videbatur,
640 2242 820 2298 ascenderet.
839 2241 893 2306 Qui
908 2255 974 2296 cum
990 2239 1045 2294 hu·

720 2495 1413 2628 COMMENTARIUM

625 2731 673 2800 m
696 2730 865 2800 uroauu
893 2730 1022 2800 auum
1050 2729 1109 2798 ou
1140 2729 1299 2800 aranu
1322 2727 1521 2798 aarum.

668 2917 777 2985 (Bastar
791 2920 860 2975 inter
872 2933 952 2991 opera
966 2914 1061 2987 Badra,
1084 2919 1157 2974 tom.
1177 2918 1200 2987 l,
1217 2932 1285 2990 pag.
1317 2918 1367 2974 llll
1382 2917 1476 2990 seqq.)

710 3189 1423 3322 COMMENTARIUM

647 3424 692 3488 IN
717 3423 879 3486 LlssRUtt
903 3423 960 3486 DE
986 3421 1187 3494 LOQUELA‘
1209 3421 1292 3488 PER
1321 3423 1501 3490 GESTUM.

843 3570 925 3645 (Opp.
940 3568 1031 3639 Beda,
1046 3569 1131 3642 ibid,
1142 3588 1211 3645 pap.
1225 3571 1301 3648 ddd.)

904 3863 996 3912 abbo
1019 3861 1139 3911 bolum
1161 3861 1235 3912 ttvl.

430 3971 1000 4192 staurus
1062 4019 1718 4196 macareus

765 4277 1066 4336 aacffluelsoortts
1087 4278 1374 4338 cambaatabsls.

239 4490 529 4599 NOTITIA
579 4485 965 4595 HISTORICA
999 4487 1076 4594 IN
1114 4485 1448 4594 SANCTUM
1495 4479 1873 4598 AELFRICUM.

679 4651 819 4724 (Maurum,
838 4649 911 4708 Acta
934 4648 989 4709 SS.
1012 4649 1127 4719 Bened,
1143 4655 1217 4708 tom.
1239 4651 1310 4723 Vlll,
1325 4669 1392 4726 pag.
1408 4656 1466 4722 55.)

278 4891 304 4942 l.
320 4887 409 4958 llujus
422 4885 513 4944 saneti
526 4883 660 4943 antistitis
680 4899 789 4939 nomen
805 4881 883 4938 varic
899 4882 977 4953 apud
990 4884 1047 4937 An·
1061 4887 1084 4946 c
1096 4881 1207 4938 duobus
1222 4881 1346 4950 bisulcis,
1361 4881 1411 4938 ubi
1427 4884 1521 4940 multa
1535 4883 1672 4957 congerit
1686 4884 1722 4942 da
1734 4883 1823 4941 narbo
1831 4873 1874 4952 dij

240 4958 368 5032 plicanoa
378 4963 509 5015 auctores
521 4958 661 5030 scriptum
674 4955 790 5027 legitur,
806 4953 935 5026 quicum
953 4952 1043 5023 Alsrr-
1094 4953 1165 5011 frico
1178 4953 1250 5010 scitu
1264 4969 1324 5008 nou
1341 4952 1483 5026 indigna3
1504 4955 1582 5011 hunc
1603 4972 1673 5012 vero
1690 4955 1785 5012 Sancti
1795 4949 1873 5030 ΛΜ

240 5023 1042 5101 ωηι.ιΕἰ[νι“οωη,ΕἰῙνὶοιινη,Αἰυνὶειιιπ,Αἱυνεᾱιιιη,ἰῐηο
1093 5025 1230 5080 abbatem
1255 5024 1341 5106 luisse
1368 5024 1540 5149 plusquam
1565 5026 1718 5099 probabile
1747 5019 1871 5104 existimat·

241 5103 270 5158 et
281 5101 420 5158 Saronico
434 5101 516 5158 Atrio
532 5098 706 5175 quandoque
721 5098 878 5170 appellant.
889 5097 983 5152 Genua
998 5097 1043 5168 ip·
1092 5097 1182 5152 Porro
1209 5096 1240 5150 in
1266 5109 1328 5168 equs
1354 5097 1505 5152 coctionis
1529 5097 1657 5164 decreto,
1673 5097 1751 5170 quod
1765 5095 1804 5150 bac
1817 5087 1873 5144 mira

240 5171 308 5242 sius,
333 5175 469 5246 parentes
490 5176 540 5229 aut
558 5170 682 5245 patriam
698 5185 786 5224 nemo
805 5171 1039 5225 commemorat·
1092 5167 1302 5233 exhibebimus,
1326 5168 1498 5236 monachus,
1523 5183 1583 5224 non
1604 5169 1697 5224 abbas
1716 5164 1869 5240 appellaturi

240 5245 331 5301 nobili
348 5248 447 5301 tamen
469 5260 576 5316 genere
593 5243 677 5296 natus
693 5239 798 5294 dicitur
818 5239 848 5294 in
865 5239 987 5310 epistola
1006 5209 1042 5294 ad
1092 5253 1145 5293 nec
1160 5238 1233 5292 ullus
1245 5237 1357 5309 scriptis
1369 5238 1518 5294 mandavit
1532 5239 1603 5312 quid
1618 5237 1711 5295 abbas
1726 5235 1818 5320 egerit,
1836 5229 1870 5306 ⁸¹3¹

239 5315 469 5385 cantuarienses,
486 5331 573 5388 quam
588 5312 666 5367 intra
674 5310 882 5366 exhibebimus.
902 5311 933 5364 ln
949 5309 1041 5365 Abin·
1092 5312 1201 5381 quanto
1224 5311 1359 5380 tempore
1381 5309 1412 5364 id
1427 5325 1533 5367 munus
1552 5310 1666 5366 obierit.
1683 5311 1773 5366 idalius
1784 5301 1870 5382 virili&

239 5382 687 5458 gdoniensiseuabbendoniensi
695 5381 853 5454 percelebri
864 5381 1041 5436 monasterio
1092 5379 1145 5434 bus
1170 5395 1238 5434 eum
1261 5379 1392 5435 lloruisse
1414 5379 1445 5436 in
1470 5381 1647 5438 monasterio
1663 5377 1869 5454 abrandarum

238 5457 317 5530 quod
340 5459 370 5512 in
392 5475 462 5532 agro
479 5454 645 5513 Berrocensi
661 5452 750 5507 situm
763 5456 816 5517 cst,
842 5451 936 5506 vitam
950 5452 1041 5524 egisse
1090 5449 1171 5505 testis
1186 5454 1229 5506 est
1243 5450 1364 5522 epistola
1379 5467 1467 5522 quam
1483 5469 1516 5508 ex
1529 5451 1637 5508 Nicolai
1654 5440 1870 5524 ltaapsfattqflu

237 5528 693 5591 monasticamasseruntomnes‚
709 5522 790 5593 cujus
806 5523 895 5576 etiam
917 5522 1040 5578 coenobii
1091 5520 1167 5576 toria
1189 5522 1350 5592 anglicana
1374 5524 1478 5579 woulo
1504 5523 1629 5592 docimo,
1645 5523 1741 5595 capite
1759 5519 1867 5590 sapitfflli

236 5599 325 5656 abbas
349 5600 434 5656 luisse
465 5599 578 5656 dicitur.
608 5597 687 5651 llunc
709 5597 785 5650 certe
799 5593 825 5647 ei
841 5593 958 5650 titulum
976 5596 1040 5666 post
1090 5592 1146 5647 huc
1182 5592 1336 5647 referimus
1349 5592 1508 5665 integram.
1836 5651 1848 5664 μ

234 5665 411 5726 willelmum
422 5668 704 5726 malmesburiensem
715 5665 788 5721 libro
799 5681 807 5718 1
818 5664 858 5718 Do
874 5665 1042 5745 gestiapon-
1127 5683 1142 5716 a
1162 5609 1305 5719 finirersis
1317 5668 1425 5719 sanctae
1441 5663 1656 5720 Cantuaricnsis
1673 5654 1866 5720 maleactae,

234 5735 1040 5814 tillcumitnglorum,eonceduutomneslererecentrores
1092 5755 1106 5784 «
1127 5735 1221 5790 clerus
1236 5736 1264 5788 et
1280 5735 1402 5807 populus
1416 5735 1548 5806 ejusdem
1560 5735 1690 5792 Ecclesiae
1699 5734 1808 5790 deretur
1818 5737 1867 5780 οη·

233 5807 378 5880 historici;
389 5811 468 5883 quod
481 5814 581 5865 tamen
592 5809 737 5865 inficiatur
748 5807 887 5862 tierricus
901 5803 1039 5861 ll'artbon
1091 5827 1106 5856 a
1125 5805 1230 5862 tiones.
1241 5805 1742 5878 Universitatirestraeesteogaaibrm
1749 5797 1866 5877 quanm!

231 5877 335 5935 mmet
348 5881 460 5952 angliae
475 5895 562 5936 sacra
576 5880 607 5935 in
630 5878 834 5936 dissertatione
847 5876 990 5952 singulari
1003 5877 1039 5934 de
1090 5897 1105 5927 a
1129 5876 1270 5950 temporis
1279 5879 1333 5947 est,
1345 5866 1868 5952 exquaaocldanttbasaanaavartau
