3932 6174
41 435 44 460 t
151 411 205 467 loll
693 391 861 452 nantoani
875 391 985 451 GESTA
997 391 1107 450 loaisa.
1124 391 1228 452 teon.
1300 383 1305 394 ⁸
1714 397 1783 460 tote

149 527 213 583 unns
225 520 328 590 dicitur,
343 520 379 576 ab
395 533 497 574 occasu
513 517 680 590 hyspanias,
697 532 715 570 a
732 515 928 589 septentrione
945 513 1086 582 Adivini,
1101 530 1201 570 verum
1216 511 1361 587 gratiaita
1378 521 1414 558 ⁸⁰⁸
1424 513 1740 591 exuberaretsuporna,
1754 517 1787 574 ut

39 631 42 667 ι
149 614 275 672 etorieote
290 607 510 680 Lugdunensem
518 614 555 649 ⁸⁰⁰
566 605 751 678 provintiam,
766 603 802 658 ab
818 620 887 658 euro
899 605 928 658 et
984 603 1175 660 omnibussuh
1182 603 1283 659 eadem
1291 603 1481 660 militantibus
1489 604 1787 679 disciplinareligiosm

148 701 251 760 mendis
264 698 479 754 Narbonensem
490 693 576 768 (328).
598 693 704 750 Rivalis
716 697 745 748 et
760 691 927 748 fluminibus
980 693 1206 748 conversationis
1216 692 1298 748 fleret
1308 694 1471 765 exemplum
1481 696 1667 750 etnorma.ln
1678 695 1782 769 vigiliis

38 811 39 816 ¹
145 795 246 866 piscosa,
259 787 345 861 glebis
361 788 446 841 terras
458 783 659 858 pinguissima,
671 782 924 848 vinetisnectarea,
980 798 1111 855 namque
1126 781 1269 836 continuis
1282 783 1482 852 pernoctabat,
1494 781 1639 840 orationes
1648 799 1714 840 vero
1729 801 1783 858 per

142 878 288 938 nemoribus
296 875 415 942 consita,
424 873 564 930 fructibus
573 871 834 946 opulentnpescuis
840 885 926 942 peco—
980 875 1099 928 noctem
1111 879 1147 914 ⁸¹⁸
1161 871 1360 939 continuabat,
1369 871 1400 926 in
1415 873 1591 930 abstinentia
1605 875 1777 948 precipuo,

141 963 446 1029 rumsullicientissima,
458 962 520 1018 auri
537 965 568 1016 et
582 959 696 1034 argenti
711 962 740 1015 et
754 962 926 1014 caeterorum
977 959 1011 1014 in
1023 961 1156 1016 univorsa
1176 975 1292 1015 morum
1307 959 1451 1032 probitate
1471 969 1506 1004 ⁸¹⁰
1518 963 1695 1035 preclarus]
1718 965 1785 1020 liaeo

138 1055 214 1126 copiis
226 1053 404 1108 metallorum
416 1050 619 1116 refertissima,
634 1048 751 1105 navium
768 1047 926 1118 etvectiga-
978 1053 1099 1105 sanctur
1127 1048 1246 1120 Eligius,
1266 1050 1310 1104 cui
1333 1050 1503 1106 commissus
1525 1050 1630 1118 fuerat,
1651 1067 1783 1120 cernens,

136 1135 927 1213 liumcomeatibusquestuose,sadvoluptatumomnium
980 1139 1122 1212 simulque
1133 1137 1170 1193 ad
1179 1137 1784 1211 ejueprolectumanimialacritataoommi·

135 1230 294 1306 procelaris
311 1228 466 1303 provinciis
490 1227 610 1282 luxuriae
629 1227 787 1294 fructuosa,
804 1228 833 1280 et
860 1225 927 1279 viris
980 1245 1078 1302 mans,
1093 1228 1202 1290 [curam
1216 1226 1270 1283 sibi
1283 1227 1380 1300 gregis
1392 1226 1537 1284 commissi
1550 1227 1591 1283 illi
1601 1228 1784 1286 committere

134 1339 183 1394 pra
195 1319 306 1392 reliquis
321 1317 456 1373 efferatos
469 1333 565 1373 mores
591 1315 764 1370 habentibus
792 1314 927 1370 bellicosa
980 1334 1039 1373 non
1053 1315 1164 1384 abnuit,
1187 1332 1259 1372 onus
1275 1319 1304 1372 et
1320 1317 1394 1372 vices
1410 1317 1545 1387 repartiri
1558 1334 1618 1374 non
1630 1316 1783 1386 dubitavit,

132 1409 226 1482 pariter
240 1411 267 1463 et
280 1407 420 1480 inquieta.
436 1405 512 1472 llaec,
528 1403 695 1476 municipiis
709 1409 737 1459 et
751 1406 924 1459 caeterarum
978 1423 1065 1480 seque
1076 1405 1191 1462 servitio
1209 1405 1309 1478 palatii
1319 1405 1392 1461 sicut
1416 1405 1644 1478 compellebatur
1656 1405 1785 1462 reindtd·

131 1497 315 1553 municionum
326 1493 567 1565 castrisexceptis,
579 1493 667 1548 habet
682 1492 811 1548 civitates
825 1493 926 1565 opina·
977 1496 1024 1551 sit.
1040 1496 1073 1566 (c.
1090 1495 1126 1563 1.)
1143 1497 1211 1550 Post
1225 1502 1260 1537 ⁸¹¹
1277 1493 1339 1550 haec
1352 1493 1518 1550 labentibus
1541 1510 1686 1550 annornm
1697 1493 1784 1550 cusni-

132 1586 243 1641 tissimas
253 1583 430 1656 pergrandes
459 1582 625 1655 pariterque
650 1582 804 1652 populosas
820 1581 863 1636 14.
886 1580 925 1635 Ει
979 1583 1048 1638 culis
1063 1583 1200 1654 vulgante
1214 1581 1294 1637 fama
1306 1582 1335 1637 in
1361 1580 1571 1653 circumpositis
1588 1580 1685 1638 Gula
1694 1580 1783 1638 totius

130 1673 220 1746 quibus
237 1673 298 1728 duae
320 1674 388 1732 sunt
402 1670 597 1741 metropoleos
623 1669 720 1736 urbes,
736 1684 794 1723 una
817 1669 926 1724 scilicet
976 1670 1142 1743 provinciis,
1160 1669 1292 1724 anditum
1306 1672 1350 1726 est
1363 1670 1491 1743 undique
1506 1670 1542 1726 de
1553 1671 1611 1726 vita
1631 1672 1661 1726 et
1672 1670 1783 1726 actibus

130 1761 373 1833 burdegalensium
380 1759 773 1831 titulissempermagnorum
787 1757 925 1828 insignita
975 1758 1066 1814 saneti
1082 1758 1183 1814 virilit
1204 1774 1287 1814 aures
1307 1773 1473 1830 procerum,
1485 1758 1534 1832 qui
1555 1760 1625 1814 tunc
1642 1757 1779 1831 palatinis

126 1847 561 1918 virorum,alteraestBituricum
569 1847 741 1902 hahenshac
749 1849 923 1917 tempestate
939 1831 1166 1920 Binvigilabant
1193 1847 1279 1915 curis,
1292 1848 1456 1920 penetravit
1469 1856 1505 1890 ⁸¹⁸
1517 1851 1666 1920 gestorum
1676 1863 1778 1904 eorum

126 1943 243 1994 sanetum
258 1936 473 2010 Austrigisilum
495 1935 743 2008 arehiepiscopum
758 1938 787 1990 et
801 1935 921 1990 beatum
975 1938 1084 2009 opinio,
1101 1938 1180 2008 quod
1191 1936 1297 1992 scilicet
1313 1936 1376 1992 talis
1391 1952 1425 1991 ac
1438 1939 1537 1993 tantm
1552 1937 1695 2010 pullulans
1717 1936 1781 2009 pal·

124 2025 269 2098 Sulpicium
284 2025 522 2082 archidiaconum
533 2023 647 2080 inbrevi
657 2027 722 2097 post
730 2040 798 2080 eum
808 2023 923 2096 pontifi·
974 2039 1036 2082 mes
1045 2026 1108 2082 vitis
1118 2043 1240 2083 summae
1251 2026 1441 2098 responderet
1449 2025 1605 2098 plantario.
1613 2024 1779 2098 Nonpotuit

123 2117 169 2170 cali
181 2115 255 2187 (329)
267 2117 383 2170 honore
398 2114 549 2170 donatum.
566 2115 598 2168 ln
616 2129 741 2186 qnorum
769 2112 923 2185 parrochia
973 2115 1128 2172 ordinante
1141 2114 1286 2170 ultissimo
1297 2114 1528 2170 lucernadiviuoe
1543 2130 1664 2170 accensa
1676 2113 1778 2186 gratiae

121 2203 211 2260 beatus
224 2204 318 2260 isdem
337 2203 436 2260 diebus
458 2203 609 2258 Romanius
622 2201 786 2258 felicissime
801 2201 922 2274 sumpsit
973 2204 1084 2275 spiculo
1097 2205 1149 2260 sub
1159 2203 1530 2277 propriseoousideratiouia
1541 2203 1656 2276 contegi
1665 2203 1774 2272 modio,

122 2293 266 2348 nativitatis
281 2293 410 2360 exordia,
423 2295 518 2366 [pater
538 2292 599 2362 ejus
613 2291 757 2358 Albucius,
772 2294 867 2348 mater
879 2294 922 2347 est
973 2293 1024 2348 sed
1036 2295 1068 2346 ut
1084 2293 1320 2366 supplementum
1336 2292 1419 2348 lieret
1433 2292 1559 2348 desiduis
1580 2292 1610 2347 iu
1622 2292 1678 2349 ilde
1705 2308 1772 2365 pro·

119 2381 356 2437 vocatallatrinia.
370 2379 464 2436 Ambo
475 2380 631 2436 secundum
646 2379 733 2436 seculi
747 2379 920 2451 dignitatem
973 2381 1066 2452 posito
1081 2381 1195 2437 lichnus
1205 2382 1410 2456 superponitur
1423 2381 1596 2438 candelabro
1621 2389 1668 2437 ⁸¹¹.
1686 2379 1775 2454 igitur

120 2467 370 2541 diviciis'pollenles
380 2467 919 2540 ⁸⁰¹,utpotegenarisnobilitateclueo·
972 2471 1190 2544 promulgatum
1201 2473 1244 2527 est
1260 2470 1289 2526 in
1305 2473 1371 2527 aula
1382 2469 1473 2543 regali
1483 2472 1599 2526 tantum
1609 2469 1702 2525 virum
1717 2485 1776 2526 oon

120 2557 251 2625 tes,velut
274 2557 396 2612 traditio
421 2573 596 2629 magnarum
620 2556 834 2630 possessionum
859 2555 920 2626 ejus
971 2557 1077 2614 debere
1094 2558 1194 2614 abesse
1215 2559 1378 2630 praeserrtioe
1392 2558 1512 2632 regiani
1525 2556 1601 2613 illius
1624 2556 1778 2630 prudentia

116 2644 480 2720 tamTungrensiaecclesite
490 2648 683 2716 quamnostro
693 2643 869 2700 monasterio
883 2651 918 2686 ⁸⁰¹
971 2645 1195 2718 disponerentur
1210 2647 1293 2720 regni
1309 2647 1524 2719 negocia,cujus
1539 2647 1621 2701 tantu
1633 2645 1697 2717 jam
1709 2648 1778 2702 tunc

115 2733 185 2800 (Vita
198 2736 230 2793 S.
241 2735 377 2803 Bennett,
394 2752 419 2790 o.
437 2733 463 2806 1)
478 2734 585 2802 lfacta,
595 2736 638 2791 vel
651 2733 757 2805 abipso
766 2735 808 2790 vel
822 2750 838 2789 a
850 2751 918 2807 pro·
969 2735 1141 2792 audirentur
1162 2736 1335 2792 meritorum
1362 2736 1498 2809 iusignia.
1514 2736 1653 2791 Evocatus
1679 2733 1777 2807 itaque

114 2821 261 2880 heredibus
275 2825 351 2897 ejus,
366 2824 411 2879 vel
420 2823 509 2880 etiam
524 2839 541 2878 a
554 2823 635 2896 regia
645 2822 918 2890 sublimitate,testa-
968 2823 1128 2880 honorifice
1143 2827 1175 2880 ut
1192 2824 1313 2881 decebat
1325 2825 1362 2881 ad
1376 2823 1475 2898 palatii
1488 2823 1657 2895 producitur
1663 2822 1775 2891 limina,

113 2912 249 2968 tur.ldulta
259 2913 374 2969 etenim
383 2912 488 2984 scripta
498 2930 531 2968 ex
546 2912 656 2968 eisdem
668 2911 753 2968 rebus
761 2926 813 2983 par
826 2912 917 2970 muita
968 2927 1108 2984 maguum
1121 2929 1155 2968 eo
1167 2914 1298 2972 ,⁸¹⁸modo
1312 2912 1447 2968 omnibus
1459 2913 1589 2966 solamen
1601 2911 1723 2978 laturus,
1734 2909 1776 2966 uti

111 3013 248 3057 annorum
266 3002 413 3058 curricula
427 3017 444 3056 a
457 3001 540 3057 nobis
552 3000 696 3073 possessis,
714 3001 744 3055 in
773 3002 917 3056 utrarum·
967 2999 1088 3055 subinde
1096 2999 1246 3074 perdocuit
1259 3017 1358 3056 rerum
1372 3001 1512 3069 eventus]
1522 3000 1577 3053 Per
1592 2998 1670 3054 idem
1681 2997 1775 3054 ferme

117 3103 166 3160 que
178 3091 379 3147 aecclesiarum
391 3091 484 3146 adhuc
498 3091 663 3147 retinentur
676 3089 807 3146 archivis.
966 3092 1082 3162 tempus
1105 3092 1208 3148 beatos
1231 3093 1377 3148 iohannes
1399 3088 1611 3162 Tungrensium
1630 3087 1676 3142 vel
1705 3087 1773 3142 Tra-

140 3179 172 3232 tl
182 3178 262 3245 Quod
276 3181 382 3236 idone
399 3179 473 3234 teoto
491 3179 610 3250 Subicio
637 3179 732 3234 detine
745 3179 793 3233 sol
821 3177 915 3247 Elegio
933 3179 1136 3269 cjectensium
1151 3180 1273 3237 feliciter
1287 3195 1393 3252 regens
1405 3174 1772 3253 pontificatum,bominem

212 3268 347 3324 educatus
356 3269 459 3341 poliocti
467 3267 629 3340 primoribus
643 3269 799 3323 innotuerit.
965 3267 1051 3323 exivit
1065 3277 1112 3327 ⁸¹¹.
1126 3271 1243 3326 inclitus
1271 3278 1306 3314 ⁸¹⁸
1334 3286 1385 3325 rex
1400 3268 1590 3341 hagabertus,
1620 3263 1670 3338 qui
1693 3261 1769 3336 patri

136 3352 191 3410 Sed
205 3359 249 3427 ut,
266 3357 349 3413 unde
363 3365 399 3400 ⁸⁸⁸
414 3357 500 3430 paulo
515 3359 666 3413 momento
681 3355 793 3427 evagati
806 3371 914 3422 sumus,
965 3356 1101 3414 defuncto
1112 3359 1326 3430 auspicabiliter
1339 3359 1513 3414 successerat
1523 3358 1552 3411 et
1566 3350 1770 3410 monarchiam

105 3442 254 3500 articulum
269 3447 461 3502 reflectamus
475 3453 521 3513 ⁸⁰¹,
536 3444 684 3514 [educatus
697 3448 740 3499 est
752 3443 915 3500 sublimiter
964 3441 1772 3516 imperiisolussollerteradministrabatheatumdman·

102 3529 180 3588 bona
196 3533 310 3590 indolis
324 3548 397 3607 puer
425 3533 576 3589 Remaclus
589 3534 670 3606 (Vita
684 3531 761 3588 Rern.
778 3535 802 3604 1)
827 3534 914 3605 prout
965 3533 1097 3608 dum3qui
1112 3537 1149 3592 ad
1161 3536 1425 3608 praedicandummt
1437 3537 1507 3590 tnnc
1520 3531 1610 3588 moris
1622 3531 1686 3586 erat
1695 3527 1769 3602 332).

102 3620 225 3689 plurima
239 3623 418 3679 facultatum
433 3623 516 3695 copia
530 3621 593 3694 ejus
603 3623 774 3695 suppetebat
785 3622 913 3694 parenti·
964 3622 1156 3680 lactusluerat
1170 3623 1562 3699 episcopus,arcersierat.{lit
1577 3619 1644 3694 quia
1659 3617 1769 3675 dudum

100 3707 236 3782 bus,1sub
253 3713 346 3770 heato
361 3711 485 3786 Sulpicio
498 3711 584 3784 (330),
596 3712 625 3767 in
640 3712 720 3783 cujus
728 3712 913 3769 veneratione
963 3727 1088 3784 arguens
1102 3730 1171 3769 eum
1181 3730 1234 3785 pro
1244 3714 1414 3789 capitalibus
1424 3715 1502 3781 (Vita
1519 3706 1770 3778 samosateus)

97 3803 205 3856 constat
219 3803 259 3858 ab
279 3801 388 3858 eodem
398 3805 497 3858 sancto
509 3802 569 3857 viro
595 3800 735 3873 plurimas
756 3801 785 3856 iu
815 3805 913 3857 nostra
963 3799 1116 3871 injuriatus
1131 3803 1225 3859 iuerat
1239 3809 1269 3860 et
1280 3802 1531 3875 expulsus,deinde
1541 3817 1595 3873 per
1613 3813 1768 3872 regenera-

97 3886 208 3958 dyocesi
224 3895 334 3966 postea
342 3891 450 3947 dicatas
458 3891 609 3950 aecclesias.
625 3890 735 3946 Deinde
749 3907 817 3946 eum
830 3891 911 3946 adul·
963 3888 1073 3946 tionem
1087 3893 1205 3963 111(3331
1223 3893 1274 3948 ulii
1284 3892 1327 3948 sui
1343 3891 1485 3964 sigeberti
1498 3888 1708 3962 aliquantisper
1721 3901 1768 3940 re-

96 3978 153 4032 tum
168 3982 198 4034 et
213 3981 315 4036 tocius
336 3980 483 4046 bonitatis,
504 3983 535 4036 ut
548 3979 598 4035 tali
624 3980 808 4052 competebat
822 3980 911 4047 aetati,
962 3978 1380 4055 conciliatus,temptavit,sicut
1394 3979 1515 4042 etfacit,
1531 3993 1599 4034 eum
1613 3973 1666 4031 eibi
1676 3972 1769 4028 arcius

89 4060 308 4138 jam[iructum
330 4069 474 4124 serentem
489 4069 705 4124 traduntheato
723 4067 825 4140 litigio,
851 4067 910 4124 viro
962 4065 1156 4138 devincere,et
1168 4060 1762 4143 iuTraJectensiumcathedrasohlimavit.

93 4155 805 4229 omnibuaejustemporishominibusmeritorum
817 4158 912 4230 gratia
961 4168 996 4238 (c.
1015 4157 1123 4223 181οιι1
1137 4159 1361 4230 portriennium
1380 4157 1457 4214 vicos
1479 4157 1509 4210 et
1522 4155 1617 4210 castra
1626 4146 1766 4214 circuivit,

90 4243 291 4311 praeferendo.
312 4246 450 4310 Quicum
472 4247 675 4319 solempniaco
704 4247 826 4320 10*(331)
846 4265 911 4303 mo·
961 4245 1081 4302 verbum
1096 4247 1160 4303 vitae
1175 4247 1380 4316 disseminavit,
1395 4245 1482 4304 nichil
1494 4261 1524 4300 se
1544 4241 1685 4316 prolicere
1700 4253 1754 4293 cer·

91 4333 229 4401 nasterio,
248 4334 334 4407 quod
346 4333 407 4406 ipse
434 4335 482 4408 pio
498 4350 586 4406 opere
606 4334 638 4390 io
662 4351 713 4390 sua
728 4336 912 4392 construebat
962 4351 1045 4404 nens,
1060 4337 1223 4395 sacerdotes
1241 4338 1360 4410 insuper
1381 4339 1410 4392 et
1435 4334 1534 4391 levitas
1556 4330 1610 4388 sibi
1625 4327 1764 4385 insultare

89 4414 281 4493 serenitate]
294 4423 411 4491 locavit,
427 4427 457 4479 et
468 4423 555 4478 sacris
574 4423 741 4480 monasticae
755 4424 911 4496 disciplinae
962 4423 1223 4497 dotenspulverem
1237 4427 1346 4502 pedum
1356 4426 1439 4498 juxta
1451 4423 1567 4481 Domini
1588 4419 1765 4496 praeceptum

89 4508 329 4570 institutionibus
342 4511 378 4566 ad
389 4528 518 4585 unguem
530 4521 565 4555 ⁸¹⁸
578 4511 721 4568 instruxit.
734 4515 777 4582 [ln
792 4516 908 4570 tanturn
923 4540 949 4598 D
964 4511 1202 4573 intestimouium
1228 4533 1315 4589 supra
1342 4516 1406 4572 illos
1434 4513 1566 4581 excussit,
1592 4525 1698 4584 eosque
1715 4506 1766 4562 tali

89 4596 188 4650 autem
203 4597 485 4655 honusadolescens
498 4599 611 4655 adhesit
623 4599 838 4656 monitissancti
847 4602 910 4670 viri,
964 4603 1057 4676 elogio
1069 4605 1252 4678 inposterum
1266 4604 1424 4672 denotavit,
1432 4606 1462 4659 et
1474 4603 1510 4659 ad
1524 4597 1692 4658 aliodeiude
1702 4597 1767 4651 loca

87 4683 117 4732 nt
133 4700 194 4740 ιιοιι
212 4687 312 4741 modo
327 4689 396 4744 haut
412 4687 507 4760 segnis
529 4688 613 4743 lieret
634 4689 713 4744 verbi
730 4692 864 4745 executor
878 4698 912 4732 ⁸⁰¹
964 4692 1149 4762 praedicando
1164 4694 1407 4749 utauteaiecerat
1420 4687 1617 4763 demigravit]

764 4808 878 4864 ValtlAE
907 4810 1107 4867 LECTlONES.

120 4879 443 4950 ⁸⁸⁰lugdiniensaml.
463 4881 489 4934 2.
529 4879 858 4950 ⁸⁰¹retipoudesunth.
897 4883 985 4938 ⁸⁰¹ad
1004 4885 1173 4941 nuscitli.
1212 4884 1372 4942 ⁸⁰⁸indot.
1392 4889 1417 4941 3.
1458 4893 1493 4926 ⁸⁰⁸
1512 4877 1698 4940 llectamus3.
1732 4887 1767 4922 ⁸⁰¹

88 4947 287 5006 sollemniaco
309 4954 331 5002 1.
349 4965 414 5005 cum
425 4948 632 5022 sollempniaco
648 4954 674 5006 3.
713 4958 749 4992 ⁸⁰⁸
764 4951 895 5023 apprime
916 4953 946 5008 C.
973 4955 1009 5008 od
1025 4954 1152 5026 primum
1170 4958 1204 5010 li.
1221 4959 1245 5012 l.
1284 4959 1463 5012 ⁸⁰¹exesutor
1488 4972 1559 5012 corr.
1589 4954 1724 5010 executor
1741 4954 1766 5010 1.

89 5017 212 5077 ⁸⁸⁸deest
224 5023 254 5077 3.
300 5025 496 5102 11’[ιιειιιοιῖ.
514 5025 540 5078 3.
560 5019 600 5078 ot
627 5021 765 5077 sittim.
804 5024 1001 5080 ⁸¹⁸houestate
1012 5030 1036 5082 3.
1076 5033 1111 5071 ⁸¹¹
1126 5025 1569 5086 Post-candelabrodesunttit.
1606 5021 1766 5079 atomis.

90 5096 126 5132 ⁸¹⁸
141 5107 177 5146 eo
193 5097 221 5146 l.
266 5099 307 5134 ⁸¹⁸
321 5092 410 5147 enauit
422 5108 492 5148 corr.
510 5091 587 5147 exuit
599 5095 626 5150 2.
665 5100 700 5135 ⁸¹⁸
713 5092 816 5164 reliquo
835 5111 912 5167 pone
927 5099 1018 5152 omnio
1046 5097 1140 5154 desunt
1160 5097 1212 5154 cs.
1250 5106 1286 5142 ⁸¹⁸
1315 5101 1355 5156 ito
1378 5099 1568 5157 restituendum
1595 5111 1627 5152 et
1653 5095 1709 5148 vita
1732 5091 1765 5149 S·

88 5158 236 5230 Amudis
254 5163 528 5235 peregrinationem
543 5166 568 5219 i.
586 5165 612 5218 2.
627 5167 653 5220 3.
668 5179 739 5222 corr.
756 5179 809 5236 per
823 5165 1043 5239 generationem
1057 5172 1084 5224 2.

880 5285 994 5344 NOTAE.

125 5367 207 5454 (328)
226 5369 302 5426 llaec
315 5368 344 5425 in
359 5369 463 5426 AEthici
482 5368 714 5444 comosgraphia,
738 5372 812 5454 ‚dein
842 5376 918 5456 apud
993 5377 1083 5458 Ι(330)
1097 5377 1219 5434 Silentio
1232 5380 1527 5506 hocproetermittitur
1549 5379 1579 5434 in
1602 5377 1631 5435 S.
1650 5377 1769 5453 Sulpicii

90 5441 480 5513 orosium1,a‚legontur.
508 5443 589 5499 Unde
614 5445 764 5513 sequentia
791 5445 920 5501 hauserat
969 5448 1281 5506 Vrtacoaevadct.SS.
1311 5453 1413 5506 ainlll.
1431 5449 1490 5505 167.

92 5515 196 5592 auctor
207 5530 262 5568 me
277 5513 415 5584 ignorare
431 5515 521 5571 libere
540 5513 697 5582 conflte0r3
712 5513 765 5595 ipsi
781 5515 919 5590 llerigero
1005 5520 1064 5592 (331
1097 5521 1230 5594 Solignac
1245 5521 1275 5576 in
1295 5519 1450 5594 Aquitania
1464 5523 1494 5575 et
1507 5521 1621 5578 dioecesi
1642 5521 1771 5578 Lemovi-

92 5584 299 5640 tnbuendum
313 5585 423 5642 essevix
438 5603 471 5642 ac
485 5603 522 5642 ne
536 5589 581 5642 vix
596 5583 714 5660 quidem
726 5586 797 5640 mihi
805 5604 921 5660 persua·
970 5591 1058 5646 censi.
1076 5591 1117 5647 Cl.
1132 5591 1198 5648 Vita
1211 5592 1294 5664 litigii
1306 5593 1328 5661 l,
1343 5593 1375 5648 16
1385 5609 1393 5660 ;
1403 5591 1470 5651 Sur.
1484 5591 1528 5663 Vl,
1543 5594 1604 5652 636.

96 5651 167 5712 dere
182 5669 316 5728 possum
1008 5663 1151 5798 (3321616
1168 5681 1239 5737 ceap.
1250 5665 1294 5721 at.

133 5725 212 5801 (323)
224 5724 411 5787 oitminnsi.
1023 5733 1084 5808 333)
1102 5733 1169 5792 Scil.
1184 5733 1374 5808 baptismatis.
