3932 6174
97 405 144 473 etl
662 415 669 431 ·
719 398 920 474 mmruort
935 399 1130 474 emethsa.
1704 409 1758 468 aaa

100 525 236 592 neminem
249 525 455 600 repperissent,
465 542 585 591 omnem
597 525 677 587 illam
689 527 835 586 civitatem
845 526 896 584 de·
905 536 934 598 Α
947 526 1017 584 dam
1037 524 1144 590 vicinas
1166 525 1312 604 eligerunt
1331 525 1451 600 inultm,
1481 545 1517 598 es
1536 528 1645 602 quihus
1663 528 1761 598 mum

98 614 251 688 predantes,
271 614 339 688 igne
357 615 578 685 succenderunt,
604 632 705 674 muros
728 631 844 689 quoque
863 631 896 673 ac
947 613 1187 682 Constanciacum
1201 618 1230 670 et
1242 615 1337 682 vicum
1350 615 1545 696 Ammontem
1557 616 1638 682 durii
1655 616 1762 685 mmd-

99 706 178 758 turres
206 703 335 765 funditus
356 704 568 768 subverterrmt.
595 703 662 762 llnis
685 721 753 761 vero
774 703 896 760 civitatis
946 702 1069 770 tuentes,
1081 701 1451 779 nominihuepmtarunrer
1460 704 1565 778 quibus
1577 705 1764 774 fuerantdu·

98 807 196 864 magna
202 805 269 869 pars
277 791 376 872 popuii
385 791 492 852 timore
501 795 647 866 correpte,
660 808 727 848 cum
743 791 772 848 in
782 789 895 866 paludi·
945 789 1004 849 rius
1019 790 1151 854 tribunus
1175 791 1323 856 consutuit
1347 792 1501 868 appellari.
1516 795 1678 868 Pestqtlltttl
1693 810 1762 854 vero

97 878 141 935 bus
151 883 182 935 et
192 879 223 934 in
236 879 336 936 insulis
348 895 530 954 paganorum
546 879 690 975 fugientes
712 879 831 940 iusidias
846 878 895 936 diu
945 878 1078 938 rmivcrsa
1085 879 1437 952 huiuspopulimttititudo
1446 881 1703 954 convicinancium
1717 882 1762 954 ip-

94 969 241 1038 habitaret,
255 969 390 1026 divinitus
404 969 513 1029 lactum
524 973 576 1038 est,
592 971 625 1026 ut
641 967 761 1043 quidam
776 969 895 1026 sanctis·
944 969 1073 1028 salarum
1085 969 1148 1026 loco
1164 967 1319 1036 invaserat,
1345 986 1403 1034 uua
1417 969 1536 1036 insimul
1559 971 1763 1038 convenientes

95 1059 176 1114 simus
188 1059 232 1113 vir
252 1056 439 1116 Geminianus
463 1059 595 1128 nomine,
618 1058 760 1127 sacerdos,
775 1057 896 1130 Spiritus
946 1056 1073 1120 mirabili
1086 1055 1383 1130 lormeacprelucida
1395 1059 1765 1128 claritatebesiticaupiun·

93 1146 178 1204 sancti
187 1148 378 1220 perlustratus
386 1147 492 1222 gratia,
502 1148 601 1222 egenis
609 1146 895 1221 cupieussubrenire,
946 1147 1579 1215 daveruutinhoooresamtaettaitieuitricis
1597 1149 1764 1224 etdippiuis

92 1253 152 1292 cum
168 1235 295 1310 plurima
309 1237 372 1292 loca
387 1235 542 1310 diiigenter
557 1238 768 1310 perlustrasset,
782 1235 819 1292 ad
831 1251 896 1307 pre·
945 1235 1050 1304 unta,
1062 1235 1258 1308 pulcherrimo
1275 1235 1443 1316 pavimento
1458 1238 1694 1314 erudisti,on
1704 1255 1765 1304 rue·

91 1325 178 1381 iatum
188 1325 328 1394 paludum
334 1325 687 1400 pervenienslocum,cum
693 1325 759 1381 hrio
769 1325 897 1398 quodam
947 1323 1029 1386 dum
1037 1323 1252 1402 pulchritudine
1262 1341 1316 1390 sna
1328 1327 1393 1385 rote
1405 1325 1532 1398 quedam
1543 1326 1706 1394 admodum
1712 1326 1765 1393 de·

91 1416 118 1468 et
130 1416 254 1469 Aratore
267 1413 416 1489 copiosam
427 1413 656 1470 Christianorum
668 1413 777 1470 ibidem
787 1412 899 1470 invenit
947 1413 1075 1470 eorabat.
1093 1412 1175 1472 unde
1190 1412 1286 1474 omnis
1300 1413 1442 1474 habitatio
1467 1431 1524 1496 que
1547 1414 1600 1492 ipsi
1627 1415 1763 1486 decimis

92 1502 318 1570 multitudinem,
330 1502 434 1574 quibus
443 1501 509 1557 visis
522 1519 554 1558 ac
564 1501 600 1557 de
613 1501 781 1558 invencione
794 1516 897 1558 eorum
947 1501 1081 1574 proxima
1095 1504 1163 1561 erat
1174 1501 1211 1566 eb
1222 1501 1312 1568 anno
1321 1502 1439 1563 tribuno
1451 1503 1528 1568 lictu
1534 1503 1679 1584 appellata
1689 1503 1763 1574 tuit3

92 1590 250 1648 admodum
277 1591 441 1648 illarescens
460 1593 546 1665 (lah),
570 1590 716 1648 nunciavit
742 1589 793 1658 cis,
820 1589 899 1664 quod
949 1605 1039 1664 quam
1053 1589 1216 1658 sotheiam
1232 1590 1365 1652 videlicet
1380 1591 1581 1672 episcopatum
1595 1591 1699 1664 Attritis
1711 1595 1764 1652 ul-

94 1679 215 1752 pessima
226 1679 276 1734 illa
290 1679 447 1735 multitudo
468 1678 563 1735 divine
581 1681 654 1735 nutu
674 1677 832 1742 clemencie
848 1677 898 1734 de·
949 1677 1044 1738 bunue
1059 1679 1219 1748 constituit,
1235 1680 1506 1757 quodepiecopium
1519 1681 1765 1757 praetersumus

95 1769 197 1822 structa
212 1770 287 1823 esset
301 1771 331 1823 et
352 1767 381 1823 in
396 1767 534 1824 nichilum
547 1765 675 1823 redacta.
690 1765 780 1822 Atilii
793 1764 901 1840 gratias
951 1767 1765 1842 excollautlacioneblatamaueensiumet&podiensium

101 1859 214 1930 agentes
225 1855 460 1929 glorificaverunt
473 1855 565 1912 Deum
581 1855 630 1930 qui
643 1872 703 1914 non
716 1853 823 1912 deserit
837 1869 901 1928 spe·
912 1829 940 1890 Β
951 1871 1005 1911 nec
1019 1872 1078 1922 non
1093 1855 1721 1933 exconfirmacioneObellierii¹t⁰etq¹⁴⁰ssputi
1728 1869 1764 1914 ue

100 1947 190 2002 rantes
202 1944 232 2000 in
247 1961 289 2000 se.
299 1946 377 2002 Tunc
390 1945 472 2002 Arius
482 1948 512 2000 et
524 1946 640 2014 Arator,
660 1944 735 2000 lilius
745 1943 819 2016 ejus,
834 1959 901 2000 cum
952 1943 1134 2018 (lucumoni
1147 1948 1216 2010 tunc
1237 1944 1390 2011 Venetiam
1404 1946 1568 2023 ,rescheph
1582 1947 1718 2016 ductim
1733 1948 1763 2008 in

102 2035 228 2092 omnibns
241 2035 410 2108 quicumeo
424 2038 516 2102 erant,
527 2033 782 2106 vicinasquasdam
796 2031 903 2088 insulas
951 2031 1061 2116 proprii
1086 2031 1209 2095 dominii
1230 2032 1296 2104 jure
1317 2031 1480 2093 vindicavit.
1505 2033 1617 2114 Quibus
1628 2036 1764 2109 omnibus

102 2141 158 2198 quae
172 2125 201 2180 in
217 2124 326 2186 eisdem
337 2128 421 2182 erant
426 2123 578 2198 paludibus
588 2123 743 2191 intuentes,
755 2139 788 2180 ac
802 2123 903 2188 melio·
951 2120 1119 2195 compositis
1133 2124 1163 2186 et
1177 2121 1328 2190 ordinatis,
1350 2121 1481 2200 profetam
1498 2123 1603 2195 Aurius
1630 2125 1764 2193 tribunus

102 2229 142 2268 ros
154 2229 224 2286 quae
237 2213 380 2286 eligerant
404 2215 626 2284 perscrutantes,
642 2212 745 2268 domos
758 2215 788 2267 et
802 2212 903 2268 eeccle-
952 2226 1019 2266 cum
1035 2210 1168 2272 universa
1183 2209 1284 2292 populi
1298 2210 1484 2278 multitudino
1510 2211 1562 2295 qui
1574 2229 1610 2280 et
1632 2214 1763 2286 predicta

101 2301 149 2357 siae
174 2301 203 2357 in
231 2302 342 2358 eisdem
370 2302 516 2358 ediillcare
543 2305 693 2374 ceperunt.
717 2301 846 2366 Quarum
870 2300 900 2355 in
950 2299 1091 2356 Altinensi
1107 2297 1303 2374 confugerant
1330 2299 1453 2368 civitate,
1477 2299 1620 2362 Obelierlo
1640 2311 1673 2346 ¹⁴¹
1688 2306 1761 2361 elul

102 2389 286 2446 edililcatione
300 2389 431 2448 relictam
451 2387 605 2445 hltineueie
631 2387 754 2444 civitatis
778 2386 902 2460 pulchri·
951 2386 1039 2444 Beato
1056 2387 1160 2458 (127-8)
1175 2395 1209 2430 ¹⁴¹
1226 2385 1430 2453 ducibuaoolla
1443 2388 1682 2456 submittentem
1694 2391 1761 2455 snb·

102 2477 223 2535 tudinem
234 2493 288 2534 nec
302 2495 362 2534 non
377 2482 407 2532 et
419 2479 576 2534 multarum
601 2475 724 2533 turrium
737 2475 900 2532 subversio·
946 2473 1134 2547 jugaverunt,
1143 2491 1177 2533 eo
1189 2475 1293 2532 ordine
1310 2491 1370 2575 spuo,
1378 2474 1405 2536 in
1418 2477 1657 2549 prelalucivitate
1667 2479 1761 2554 (soth)

103 2583 163 2622 uem
177 2569 346 2634 recolentes,
360 2567 426 2623 licet
439 2566 531 2622 nimio
546 2581 661 2622 rnerore
676 2563 899 2634 turbati‚tamen
950 2562 1020 2618 olim
1031 2563 1139 2620 subditi
1146 2563 1389 2634 luerentdncrhtts
1395 2563 1444 2638 qni
1455 2564 1763 2642 ipsiusregimuuohti·

102 2656 322 2728 supradictarum
333 2655 455 2712 turrium
472 2655 637 2712 nominibus
651 2655 713 2710 illas
728 2671 799 2730 quas
819 2654 900 2711 hahi-
949 2655 1086 2708 buerant.
1103 2651 1422 2736 ilisnamquepatratis,
1431 2641 1555 2738 utsupra
1566 2662 1762 2728 memoratum

103 2747 188 2802 lantes
202 2754 237 2788 ¹⁸·
251 2745 360 2802 insulas
373 2747 567 2819 appellarunt.
583 2745 664 2802 Unde
679 2744 788 2800 factum
804 2747 858 2812 est,
869 2748 900 2800 ut
949 2744 1003 2810 est,
1019 2759 1053 2808 epi
1069 2742 1256 2800 concessione
1269 2741 1332 2814 jam
1347 2743 1492 2812 uictorum
1508 2745 1614 2812 ducum
1628 2747 1762 2828 etpopuli

105 2833 242 2904 cuiusdam
265 2833 502 2889 excellentissime
520 2833 651 2905 ejusdem
677 2831 799 2888 civitatis
814 2831 899 2888 turris
949 2830 1162 2888 collaudatione
1172 2831 1299 2909 quedam
1308 2831 1555 2913 littorainpreiati
1565 2825 1761 2902 huriitribupi

105 2921 212 2978 nomine
225 2921 346 2978 Torcelli
359 2921 421 2977 Arii
439 2937 540 2978 omues
564 2921 655 2976 insule
682 2919 795 3007 prefate
815 2937 899 2978 voca·
950 2921 1093 2997 potestate
1104 2920 1760 3004 concessasunt,luprimoquorumquendam

103 3009 428 3082 rentur.Exsupradictis
437 3009 533 3083 itaque
542 3009 666 3068 insulam
680 3009 828 3085 quandam
839 3009 899 3065 Arii
949 3008 1079 3066 llaurum
1095 3006 1310 3084 presbyterum,
1327 3007 1376 3082 qui
1390 3007 1426 3064 de
1440 3009 1634 3076 abitinensium
1646 3010 1762 3094 negarat

104 3111 161 3153 cum
176 3099 347 3172 quibusdam
376 3097 433 3154 suis
459 3097 593 3166 serviciis,
617 3097 702 3153 utihi
720 3097 899 3168 habitarent,
950 3096 1075 3166 civitate,
1091 3095 1217 3166 invenit;
1234 3094 1284 3170 qui
1299 3095 1759 3172 eiordinatimssomniaexposuit,

102 3185 150 3242 sihi
162 3188 342 3244 vindicarunt
353 3187 402 3242 ubi
425 3186 512 3242 etiam
529 3185 678 3258 proprium
696 3202 804 3244 nomeu
818 3201 899 3242 com·
939 3185 1075 3261 'qualiter
1093 3183 1147 3242 sibi
1169 3185 1245 3245 heus
1270 3185 1447 3242 revelaverat
1473 3186 1621 3272 quendam
1647 3180 1759 3256 heremi

101 3278 247 3344 mutantes,
264 3274 428 3348 omnesqui
444 3290 479 3329 ex
494 3289 595 3329 eorum
611 3274 794 3344 tribuerant,
817 3275 901 3332 Aurii
949 3273 1057 3341 locum,
1074 3273 1107 3332 in
1117 3289 1174 3351 quo
1183 3273 1274 3330 sancti
1283 3273 1417 3330 martires
1433 3273 1554 3340 Hermes
1565 3279 1594 3332 et
1605 3277 1760 3344 herasmus

100 3363 209 3432 apellati
221 3369 299 3420 sunt.
324 3363 396 3419 Cum
421 3362 465 3420 his
484 3360 601 3436 quidem
624 3377 728 3421 omncs
751 3363 793 3420 illi
807 3363 856 3440 qui
870 3363 900 3419 in
949 3363 981 3420 in
995 3361 1046 3419 llei
1057 3362 1169 3424 honore
1182 3365 1321 3418 eteorum
1334 3360 1463 3419 nominis
1474 3363 1556 3429 titulo
1565 3365 1759 3432 aecclesiamei

97 3451 288 3509 Altineneium
302 3455 387 3508 eraut
396 3449 520 3521 civitate,
536 3449 566 3506 in
579 3454 664 3524 porta
673 3451 722 3508 illa
734 3467 790 3525 que
805 3468 902 3509 versus
950 3450 1098 3508 ediillcare
1109 3451 1265 3521 jusserant,
1282 3450 1362 3522 cujus
1377 3451 1468 3508 etiam
1476 3451 1643 3518 mercedem
1653 3453 1695 3520 illi
1707 3453 1760 3515 irn-

97 3540 195 3598 boreas
223 3541 283 3613 (sol.
312 3545 336 3614 ll
355 3540 536 3614 respiciebat,
558 3539 668 3596 ibidem
694 3539 831 3613 hospitati
859 3541 900 3596 vi·
950 3537 1294 3621 penderepromiserunt.
1308 3540 1338 3594 ln
1347 3539 1479 3614 sequenti
1488 3557 1603 3621 quoque
1612 3542 1709 3611 littere
1719 3543 1760 3607 al-

96 3645 159 3686 cum
169 3629 436 3687 burianumhuriia
444 3631 529 3701 porta
538 3629 587 3684 illa
597 3627 737 3702 appellari
747 3627 902 3688 constitue·
950 3626 1100 3686 hissimam
1123 3627 1234 3686 nubem
1253 3628 1307 3684 sibi
1331 3629 1501 3706 apparuisse
1514 3629 1691 3702 dicebates
1722 3649 1758 3695 ua

93 3724 168 3775 runt.
181 3720 284 3775 burim
304 3735 372 3776 vero
399 3718 532 3774 tribunus
557 3733 623 3773 cum
650 3717 735 3774 meni
757 3717 830 3788 (lab)
850 3717 900 3794 qui
950 3716 1022 3776 duos
1036 3715 1171 3775 claritatis
1184 3718 1261 3774 velut
1282 3717 1349 3772 solis
1372 3717 1469 3774 radios
1482 3718 1669 3797 resplendere
1683 3648 1759 3786 vide-

90 3805 202 3864 llaciuii
217 3807 323 3865 Celires
342 3806 477 3881 appellati
498 3808 575 3875 sunt,
597 3809 707 3862 etcum
725 3805 898 3878 quibusdam
948 3809 1004 3864 rat.
1021 3803 1063 3862 hd
1078 3821 1166 3878 quam
1177 3820 1243 3860 curn
1262 3803 1401 3878 proppius
1423 3805 1584 3875 accederet,
1599 3807 1759 3868 clarissima

88 3897 152 3952 aliis
167 3915 291 3971 quorum
305 3897 426 3954 nomina
438 3897 619 3970 ignorantur,
645 3896 741 3951 locum
761 3895 811 3969 qui
832 3895 898 3951 huic
947 3891 1075 3949 vocesibi
1087 3893 1233 3952 dicentem
1244 3893 1527 3968 audivittallgosum
1535 3893 1757 3966 nomiuueDeus

83 3983 181 4042 insule
191 3986 313 4043 vicinior
326 3990 388 4042 erat
398 3985 435 4042 ad
449 3984 640 4041 habitandum
654 3983 811 4058 eligerunt.
824 3984 896 4044 Cum
946 3976 1077 4046 Salv'alor
1090 3985 1119 4037 et
1128 3980 1219 4038 tocius
1229 3981 1306 4038 orbis
1320 3981 1502 4046 dominator.
1515 3983 1603 4040 terra
1613 3989 1710 4042 autem
1726 3985 1756 4052 iu

78 4073 125 4131 his
142 4075 266 4150 quidem
282 4075 506 4148 permanserunt
518 4088 619 4129 omnes
630 4071 669 4126 illi
679 4071 727 4145 qui
739 4072 895 4129 lucrantia
945 4075 1079 4156 questas,
1094 4087 1160 4128 euve
1175 4070 1247 4131 utin
1262 4071 1323 4146 ipso
1338 4073 1413 4141 loco,
1440 4089 1531 4146 quem
1543 4073 1595 4129 tibi
1611 4076 1755 4142 monstre-

74 4163 326 4237 preiatacivitata
342 4163 377 4218 de
389 4177 490 4218 eorum
506 4161 691 4234 porta,juxta
705 4177 794 4234 quam
809 4161 895 4218 turris
945 4177 1023 4229 vero,
1039 4159 1203 4218 innomine
1219 4177 1285 4219 meo
1301 4161 1450 4220 basilicam
1471 4165 1635 4219 construas.
1650 4163 1756 4227 «Tunc

74 4269 197 4324 magna
211 4255 241 4308 et
259 4251 346 4308 nimis
358 4251 469 4307 excelsa
482 4249 587 4318 iuerat,
603 4265 636 4305 ex
652 4265 709 4322 qua
721 4251 833 4306 eroteis
850 4249 894 4306 in·
945 4250 1035 4306 nubes
1050 4249 1099 4305 illa
1114 4266 1178 4309 curn
1196 4249 1315 4325 prelatis
1329 4249 1417 4312 radiis
1440 4266 1499 4308 non
1512 4251 1600 4324 longe
1612 4250 1650 4311 ad
1664 4251 1754 4311 aliurn

73 4338 894 4411 troitmetexitvulluncnamquelocuminhabitanteeex
945 4337 1120 4395 transferens
1135 4354 1165 4394 se
1179 4337 1287 4407 locum,
1313 4337 1343 4393 in
1371 4355 1428 4412 quo
1453 4337 1601 4394 dulcisona
1620 4339 1677 4396 alia
1700 4357 1754 4397 vox

75 4427 557 4502 portaetturriillamagnai'icum
564 4425 893 4500 llajoribuslltdlisdcm
906 4396 1019 4483 1>lacta
1033 4429 1077 4482 est
1090 4426 1126 4486 de
1141 4426 1217 4482 nube
1233 4426 1346 4483 dicens:
1363 4449 1377 4478 a
1394 4426 1454 4499 Ego
1469 4443 1537 4490 sum
1548 4425 1636 4484 Maria
1651 4428 1753 4489 domni

79 4519 191 4576 barrius
202 4517 350 4575 coustituit
363 4515 552 4592 appellarim
563 4531 621 4588 qua
643 4516 755 4572 ldaxum
769 4517 893 4584 militem
942 4515 1007 4571 iesu
1020 4514 1123 4572 Christi
1138 4515 1240 4585 itatem
1255 4515 1284 4570 in
1298 4515 1422 4571 hocloco
1435 4515 1752 4578 acclesiaminlronore

80 4607 187 4675 indicii
200 4607 277 4664 lecit.
293 4608 373 4663 ldem
380 4605 484 4663 Aurius
492 4605 626 4662 tribunus
639 4621 705 4662 cum
721 4605 891 4676 fraudunis,
942 4603 1001 4660 mei
1017 4603 1142 4660 nominis
1155 4603 1219 4659 volo
1232 4603 1264 4658 ut
1276 4601 1420 4673 ediffices;
1431 4625 1445 4654 o
1456 4620 1543 4678 quem
1554 4605 1643 4665 ctiam
1654 4606 1751 4662 locum

85 4696 179 4766 quiet
194 4697 297 4754 l'aletri
311 4696 503 4770 appellantur,
519 4699 548 4750 et
562 4695 702 4764 Rusticus,
716 4697 764 4769 qui
775 4694 891 4753 Luthoi·
942 4692 996 4748 sibi
1010 4693 1161 4750 denotasse
1174 4691 1280 4752 aicbat.
1293 4693 1324 4746 ln
1339 4691 1428 4748 tercio
1450 4695 1548 4749 autern
1568 4709 1634 4749 curn
1648 4709 1701 4770 per
1707 4711 1750 4749 .·o·

87 4786 133 4840 tus
150 4786 264 4855 dicitur,
288 4789 318 4842 et
341 4784 512 4852 Calciamiri,
540 4801 612 4857 quos
637 4784 762 4840 Gambas
789 4785 893 4842 sericas
942 4781 1030 4837 nisset
1044 4781 1152 4848 littore,
1166 4779 1297 4855 ejusdem
1314 4779 1419 4836 littoris
1433 4782 1621 4837 medietatem
1631 4800 1664 4837 cx
1679 4799 1751 4858 gen-

88 4873 289 4944 nominarunt‚
302 4890 368 4931 cum
377 4873 536 4931 viatoribus
550 4876 580 4929 et
590 4871 763 4946 quibusdam
774 4873 892 4947 reliquis
941 4870 1017 4926 cium
1032 4868 1171 4944 etpopuli
1194 4867 1307 4925 diversa
1330 4869 1515 4928 multitudine
1537 4873 1750 4946 occupnlnrnse

90 4974 212 5032 quoram
222 4963 344 5021 nomina
357 4963 542 5038 ignorantur,
563 4977 666 5018 omnes
677 4961 794 5018 insimul
809 4979 892 5037 quas·
941 4959 1043 5018 vidisse
1056 4958 1204 5016 narrabat.
1223 4957 1308 5032 Cujus
1320 4957 1377 5014 alia
1389 4957 1528 5014 medietas
1543 4959 1632 5021 boum
1648 4978 1680 5018 nc
1696 4961 1749 5018 brr-

748 5098 864 5156 VARIAE
882 5095 1085 5156 Lacllollss.

123 5207 159 5248 ¹⁸¹
172 5203 210 5260 ito
219 5221 243 5261 c.
278 5210 313 5248 ¹⁴⁰
321 5202 383 5276 jum
397 5197 492 5268 deleto,
507 5211 623 5272 pavorum
634 5196 693 5256 teee
705 5199 850 5254 recentiore
864 5195 1142 5254 monotribuoorum
1151 5208 1305 5267 precemur
1319 5198 1350 5251 et
1361 5196 1492 5268 scriplrvm
1506 5204 1545 5251 ert
1561 5193 1585 5251 1.
1597 5193 1747 5252 terrenam

87 5279 226 5350 nusquam
240 5275 322 5332 ceder
336 5278 352 5330 :l
365 5273 492 5330 recueil.
532 5279 567 5314 ¹⁴¹
580 5271 640 5341 jum
650 5269 754 5337 deletam
770 5285 886 5344 puerum
904 5267 961 5326 tero
981 5283 1066 5330 moos
1084 5267 1227 5328 recentiore
1244 5266 1368 5326 tribueris
1384 5268 1552 5340 proceribus
1570 5271 1600 5324 ct
1618 5268 1746 5338 scrmhanv

87 5353 122 5400 est
140 5351 164 5403 l.
179 5348 332 5420 Antiquom
344 5346 478 5401 tectionem
488 5342 587 5416 prabet
603 5345 630 5398 3.

862 5479 975 5538 bolla.

135 5591 193 5658 ltll
207 5588 239 5646 ld
255 5590 298 5645 eet
309 5587 494 5644 hilarescens.
976 5576 1054 5652 (itt)
1067 5577 1223 5635 blazaorho.

135 5663 197 5736 leb)
211 5661 244 5720 ld
258 5665 302 5719 est
316 5675 421 5730 masse,
437 5659 619 5716 armatorum
631 5653 731 5730 glebo.
977 5653 1081 5728 llil-8)
1095 5649 1129 5710 V.
1144 5663 1241 5726 supra,
1255 5647 1311 5708 col.
1327 5646 1454 5708 eor-eae.
