3932 6174
115 389 158 450 lib
728 377 931 440 canonican
948 375 1141 440 amoenas.
1710 377 1764 442 hid

123 505 266 568 hamencii
285 505 370 564 levite
385 505 414 562 et
428 503 562 578 martyris
575 501 734 560 honorilice
748 506 913 560 consume-
926 501 1091 568 ncessione
1105 517 1173 560 uero
1189 499 1325 560 Obelierii
1344 501 1373 558 et
1393 498 1473 560 Beati
1492 499 1766 562 Mammoneamium

121 603 189 656 runt.
211 596 298 670 Cujus
318 612 370 670 per
389 594 484 668 εἰιιιιιι
510 592 709 649 fundamentis
732 592 912 662 constructis,
964 592 1070 648 ducum
1089 595 1119 648 et
1137 590 1352 648 collaudacione
1371 590 1451 647 Aurii
1474 590 1584 648 tribuni
1598 607 1713 650 necnon
1732 611 1767 650 ex

121 687 262 744 caenum
281 683 428 758 quoddam
442 682 498 738 illic
512 681 575 740 fleri
588 680 804 738 ordinaverunt.
818 682 842 736 Α
856 697 913 753 quo
964 679 1185 736 confirmatione
1198 680 1286 736 Mauri
1301 678 1463 753 presbiteri,
1479 678 1528 753 qni
1543 679 1574 736 in
1588 679 1768 755 episcopatus

120 793 179 832 nera
192 774 309 830 castello
323 775 444 846 pontem
456 771 644 840 edifficantes,
661 787 749 844 usque
761 771 798 828 ad
813 769 912 826 Arnie-
963 771 1075 826 honore
1091 771 1198 842 eJeetus
1210 768 1315 837 lueret,
1327 769 1419 841 ipsam
1433 769 1592 826 eccesiam
1611 772 1703 828 sancti
1724 773 1770 830 lo·

117 882 162 922 nas
175 863 309 920 facerunt
322 863 386 918 iter.
401 860 522 916 Prelatis
532 875 658 932 namque
674 858 833 916 Fraudunis
844 874 913 916 con·
963 858 1198 931 hannisapostoli
1208 861 1238 913 et
1249 856 1433 930 evangeliste
1443 857 1599 916 cenobium
1611 859 1768 920 sanctimo-

118 952 196 1010 cessit
210 950 314 1006 hunus
330 950 463 1006 tribuous
478 951 507 1006 et
524 949 636 1006 hlaurus
651 947 793 1021 presbiter
807 948 838 1004 io
851 947 912 1004 vico
962 949 1082 1006 nialium
1095 949 1237 1022 perpetuo
1250 963 1311 1002 csse
1324 945 1541 1006 ordinaverunt.

115 1041 298 1096 hmianarum
308 1037 411 1110 judicii
426 1038 616 1094 tribunatum.
624 1037 777 1095 blarimam
788 1053 855 1094 vero
864 1053 912 1092 eu·
998 1038 1046 1094 llis
1070 1039 1167 1093 autam
1181 1039 1214 1093 ut
1227 1034 1424 1108 supradictum
1437 1038 1481 1091 est
1492 1036 1771 1106 constitutis,eodem

114 1130 226 1204 jusdam
235 1127 339 1186 littoris
347 1131 461 1202 partem
471 1142 504 1184 cr
512 1127 696 1184 concessione
706 1125 785 1182 burii
792 1125 913 1195 tribuni,
964 1131 1097 1199 lampone
1111 1125 1243 1182 universa
1256 1123 1382 1182 Venetia
1397 1125 1496 1197 populi
1517 1125 1673 1183 multitudo
1693 1143 1773 1186 com·

121 1235 232 1276 necnon
246 1221 277 1274 et
287 1217 376 1274 hauri
387 1216 549 1290 presbiteri,
560 1216 636 1272 utad
648 1215 778 1288 ejusdem
790 1213 916 1271 ecclesie
966 1213 1232 1272 manicatoconsilii
1241 1213 1273 1269 in
1281 1213 1426 1270 Gradense
1434 1217 1772 1286 perveneruntcastrnm,

122 1307 271 1362 utilitatem
288 1306 384 1362 vinens
396 1304 586 1373 edifficarent,
596 1304 650 1378 ipsi
659 1303 804 1360 Frauduni
812 1317 917 1377 appre-
966 1304 1064 1376 ibique
1073 1304 1155 1376 juxta
1169 1301 1304 1359 ecclesiae
1319 1301 1410 1358 sancti
1431 1303 1570 1360 lobannis
1587 1304 1711 1378 Baptista
1735 1305 1773 1362 de

116 1395 287 1454 henderunt.
304 1393 442 1450 Piscarias
456 1409 571 1467 quoquc
585 1394 623 1451 ad
637 1392 766 1466 paludes,
780 1391 916 1450 alcidem
965 1394 1100 1450 Torcellis
1115 1390 1291 1460 formam,iu
1302 1391 1415 1448 honore
1424 1393 1531 1448 sancta
1541 1391 1635 1450 hieria
1650 1393 1775 1466 Virginis

119 1484 243 1540 ecclesie
261 1483 445 1540 molendinos
460 1483 649 1540 constitueret
662 1481 740 1538 idem
753 1480 856 1537 hunus
869 1479 919 1536 tri-
967 1481 1115 1540 basilicam
1132 1483 1363 1538 construxerunt.
1377 1479 1471 1536 Aliam
1487 1497 1602 1555 quoque
1616 1481 1776 1540 ecelesiam

122 1576 213 1630 hunus
228 1573 320 1646 ([014)
344 1574 374 1628 et
392 1572 505 1628 ldourus
529 1580 564 1616 ¹¹¹
583 1571 724 1644 presbiter
742 1571 839 1644 plures
853 1585 920 1626 con·
967 1573 1119 1629 inhonore
1133 1573 1231 1626 sancte
1244 1569 1356 1642 Agathe
1379 1568 1498 1643 virginis
1518 1570 1708 1642 edifficantes,
1720 1570 1777 1628 mi·

123 1661 213 1718 cessit.
234 1663 266 1717 ln
282 1661 386 1718 eodem
400 1677 468 1716 vero
482 1659 544 1717 vico
558 1661 748 1717 limianorum
763 1657 918 1732 supradicti
968 1660 1056 1718 rabili
1066 1675 1154 1734 opere
1165 1659 1196 1715 in
1211 1658 1334 1715 eandem
1349 1657 1668 1733 ordinaruntcriptcm.
1679 1661 1711 1716 ln
1721 1676 1779 1734 qua

117 1750 258 1808 l'rauduni
281 1749 440 1806 aeclesiam
463 1747 553 1805 sancti
576 1747 661 1804 Marci
686 1749 918 1817 construxerunt,
970 1753 1061 1808 altare
1076 1749 1107 1807 in
1132 1749 1245 1804 honore
1269 1747 1360 1804 sancti
1380 1746 1478 1802 litalis
1494 1747 1630 1821 martyris
1649 1751 1779 1806 erectum

118 1855 239 1912 eamque
248 1837 337 1894 sancti
350 1836 498 1894 laurencii
511 1837 637 1894 ecclcsiae
649 1837 846 1910 subjugantes.
856 1836 920 1893 Non
931 1830 957 1892 B
970 1843 1024 1908 est,

121 1928 324 1999 postmultum
341 1926 480 2000 temporis
497 1925 552 1998 ipsi
573 1925 718 1983 Frauduoi
732 1941 799 1980 curn
813 1923 921 1981 Celeia·
1009 1925 1782 2002 lianamquetempestatecuidamGeminianopresbi·

122 2015 202 2072 miris
215 2014 327 2088 aliquas
339 2013 475 2089 reliquias
489 2018 656 2070 sanctorum
671 2013 825 2070 martirum
841 2012 924 2086 Sergi
974 2024 1038 2078 tero
1052 2018 1149 2077 divine
1163 2018 1338 2074 revelatione
1360 2017 1524 2089 injunctum
1546 2018 1599 2085 est,
1625 2015 1781 2074 otinTer·

123 2109 152 2162 et
167 2104 253 2162 Baebi
265 2121 282 2161 a
296 2104 423 2178 quodam
438 2103 586 2178 Stephano
600 2103 926 2177 Scopacallesuscipien·
976 2107 1089 2181 gastina
1103 2105 1218 2164 civitate
1235 2105 1391 2174 destructa,
1406 2107 1484 2162 inter
1504 2120 1603 2160 muros
1616 2103 1784 2161 ecclesiast

126 2197 179 2262 tes,
196 2193 357 2249 ecclesiam
376 2191 406 2246 in
421 2191 472 2248 liei
488 2195 517 2248 et
531 2208 633 2249 eorum
654 2193 766 2248 honore
784 2192 815 2248 in
833 2191 926 2264 capite
977 2213 1076 2252 muros
1090 2193 1386 2263 destructecivitatis,
1399 2209 1521 2268 corpora
1533 2196 1701 2250 sanctorum
1711 2209 1783 2268 qua·

119 2281 172 2338 vici
181 2281 381 2339 constanciaci
392 2281 618 2349 edifficaverunt,
629 2297 716 2354 quam
726 2281 837 2354 prolate
849 2281 927 2354 plebi
978 2285 1114 2360 draginta
1128 2289 1157 2341 et
1172 2285 1229 2342 dno
1248 2285 1410 2356 martyrum
1425 2282 1579 2356 diligenter
1592 2282 1783 2356 perquireret.

122 2370 216 2428 sancti
225 2369 582 2427 Laurenciisuhdideront.
593 2371 700 2426 lterum
707 2371 846 2443 quasdam
857 2370 928 2426 alias
977 2375 1086 2441 ombus
1100 2373 1235 2442 inventis,
1250 2388 1317 2430 cunr
1336 2371 1509 2445 quibusdam
1532 2371 1590 2428 suis
1603 2369 1786 2444 comprovin-

119 2458 593 2534 reliquiassanctorummartirum
601 2458 928 2517 hlarcellianietllaxinii
979 2463 1097 2520 cialibus
1110 2458 1787 2534 ¹⁴·accquilegensiumdestrueumperveniret

119 2549 331 2625 aqnihusdam
342 2547 503 2605 castellanis
520 2548 742 2621 acquisiverunt,
757 2549 788 2605 in
804 2565 928 2622 quorum
979 2555 1137 2621 civitatem,
1154 2551 1355 2624 perquirentes
1364 2549 1500 2623 reliquias
1514 2552 1693 2617 sanctornm,
1705 2547 1787 2606 inve-

116 2638 397 2697 honoreaecclesiam
406 2637 595 2707 edifficantes,
604 2638 752 2695 tamdicte
761 2639 929 2712 subjugare·
979 2644 1087 2698 nerunt
1101 2641 1141 2698 ihi
1156 2656 1281 2714 corpora
1294 2641 1462 2696 sanctorum
1471 2642 1632 2712 martyrum
1646 2637 1744 2695 Cancii
1757 2641 1788 2694 et

120 2733 192 2786 rant
210 2727 300 2803 plebi.
323 2728 379 2784 llas
394 2743 521 2800 nemque
537 2731 595 2783 tres
610 2727 751 2784 aecclesias
765 2727 928 2803 perscripti
979 2729 1116 2788 (lanciani
1141 2733 1228 2802 atquo
1248 2728 1442 2795 Caocianillre,
1471 2744 1586 2786 necnon
1610 2729 1640 2782 et
1664 2743 1788 2801 corpora

124 2817 341 2892 cyrographum
358 2816 470 2888 prefate
484 2815 676 2872 subdiderunt
690 2816 766 2888 plebi
779 2834 788 2882 ς
810 2832 844 2872 eo
858 2833 927 2875 nero
979 2823 1145 2876 sanctarum
1160 2817 1316 2890 virginum,
1328 2813 1786 2885 Euflmie,llorotheae,'lecleaset

120 2907 226 2963 ordine
240 2909 272 2962 ut
284 2903 536 2978 singulisannisin
548 2904 927 2978 earumfestivitatihusjam
978 2911 1115 2976 Erasme,
1138 2923 1209 2981 quas
1228 2923 1331 2962 omues
1354 2905 1500 2978 reliquias,
1526 2909 1558 2960 ut
1577 2905 1603 2961 ei
1623 2897 1784 2962 revelatum

124 2996 212 3052 dietae
225 2993 350 3050 ecclesie
363 2992 487 3065 plebano
498 2992 653 3065 prandium
663 3007 819 3067 preparare
829 3003 864 3038 ¹¹¹
874 2994 927 3052 bo·
978 2999 1083 3066 luerat,
1098 3011 1196 3052 secura
1213 2993 1397 3063 defferentes,
1409 3010 1475 3050 curn
1486 2993 1615 3050 maximo
1626 2993 1738 3050 honore
1753 2993 1783 3049 in

127 3083 250 3140 noritice
260 3081 410 3138 deberent.
418 3082 507 3153 liujus
515 3097 582 3137 vero
588 3081 678 3138 vicem
688 3082 781 3140 isdem
788 3085 963 3181 plebanuse
978 3090 1072 3143 castro
1087 3084 1225 3143 Gradeusi
1240 3083 1317 3140 inira
1337 3082 1480 3139 ecclesias
1500 3081 1669 3154 dignissime
1683 3079 1785 3140 condi-

117 3171 148 3226 in
164 3170 252 3244 ipsius
267 3170 358 3243 plebis
375 3169 529 3226 testivitate
551 3169 711 3226 earundem
732 3173 927 3230 aecclesiarum
978 3177 1093 3232 derunt.

117 3259 230 3315 clericis
254 3258 467 3315 constituerunt
489 3257 622 3316 reddere.
648 3259 687 3314 Ex
710 3260 926 3320 collaudacione
1013 3266 1129 3322 llbdem
1143 3265 1242 3320 autem
1256 3263 1436 3335 temporibus
1447 3263 1550 3318 Beatus
1571 3269 1607 3306 ¹¹⁰
1627 3261 1684 3318 dux
1698 3261 1785 3320 hleta-

114 3365 185 3408 vero
208 3347 290 3404 durii
311 3347 429 3416 tribuni,
450 3346 588 3422 principis
604 3347 775 3419 Torcellani,
790 3355 819 3406 et
836 3344 926 3410 llauri
977 3353 1189 3422 mauoensium,
1205 3369 1271 3408 cum
1285 3350 1457 3425 quibusdam
1471 3349 1596 3406 tribunis
1625 3350 1684 3424 (sol.
1711 3351 1738 3422 5)
1757 3354 1787 3408 et

114 3437 281 3515 presbiteri,
302 3439 351 3511 qui
366 3437 395 3493 in
409 3437 545 3510 episcopii
557 3438 670 3493 bonore
693 3439 799 3496 electus
818 3443 923 3513 luerat,
977 3444 1127 3503 nobilibus
1142 3441 1199 3498 suis
1214 3441 1252 3498 ad
1267 3440 1459 3498 universalem
1469 3439 1600 3497 Romane
1610 3437 1788 3513 sedispooti-

115 3547 171 3604 per
193 3526 361 3585 testamenti
379 3525 517 3599 paginam
540 3530 723 3597 censuerunt,
746 3531 881 3602 quatinus
900 3532 923 3589 si
975 3535 1060 3590 licem
1077 3532 1208 3590 nomime
1224 3529 1412 3586 benedictum
1425 3530 1495 3600 1130)
1506 3527 1634 3601 adgressi
1645 3528 1785 3590 suntiter.

115 3618 183 3693 quis
194 3634 230 3674 ex
242 3616 359 3671 illorum
370 3612 447 3668 tribu
458 3612 722 3673 utilisinveniretur
734 3619 862 3689 clericus,
875 3637 921 3678 ac·
971 3627 1102 3696 atquem
1109 3637 1175 3678 cum
1185 3618 1393 3692 pervenissent,
1399 3617 1567 3690 suppliciter
1576 3617 1645 3674 lusis
1654 3617 1787 3691 precihus

115 3710 203 3780 cepta
217 3703 405 3776 inpasticioue
418 3718 436 3757 a
448 3702 615 3759 Torcellano
631 3706 778 3776 pontifice,
797 3708 858 3764 sinc
874 3710 924 3766 ali-
972 3711 1109 3785 quatinus
1124 3708 1407 3766 Gradensecastrum
1417 3721 1523 3764 nouam
1533 3705 1696 3780 Aquileiam
1708 3705 1789 3762 insti·

112 3798 197 3869 cujus
221 3793 445 3862 contraditione,
467 3789 497 3844 in
518 3793 609 3850 sancti
629 3795 778 3852 Laureocii
794 3798 923 3855 aecclesia
976 3801 1080 3864 tuerat,
1097 3802 1127 3854 et
1140 3796 1232 3852 tocius
1250 3794 1377 3851 Venetia
1402 3799 1431 3851 et
1456 3793 1575 3868 llystriea
1600 3793 1786 3866 metropolim

111 3886 259 3959 plebanus
265 3885 497 3942 constitueretur.
505 3886 554 3942 Sin
561 3891 698 3943 antemex
706 3885 922 3958 predictaprole
973 3888 1124 3944 ordinaret
1139 3884 1382 3958 deprecabantur.
1399 3882 1523 3939 Nomina
1537 3897 1653 3955 quoque
1667 3881 1788 3953 patriar·

112 3974 204 4030 nullis
216 3974 282 4032 talis
295 3978 455 4046 superesset
467 3975 600 4044 clericus,
617 3976 747 4047 ejusdem
763 3977 922 4050 parrochiae
976 3977 1097 4034 charum
1111 3973 1160 4048 qui
1174 3975 1239 4046 post
1252 3971 1481 4030 destructionem
1490 3969 1726 4043 lquhegensium
1739 3987 1787 4028 ur·

111 4063 202 4119 ricini
218 4063 247 4118 in
261 4063 349 4119 aliam
361 4079 451 4137 quam
465 4065 572 4122 vellent
582 4081 737 4138 personam
750 4066 921 4124 liberamfa·
972 4067 1092 4125 bissina
1109 4065 1230 4137 alicujus
1242 4061 1392 4138 apostolici
1410 4061 1595 4118 concessione
1621 4058 1652 4116 iu
1673 4059 1787 4135 prelato

113 4152 214 4210 ciendi
230 4153 404 4209 electionem
425 4153 568 4211 haberent
585 4158 768 4226 potestatem.
790 4157 923 4230 Reliquos
972 4155 1112 4216 Gradcnsi
1136 4155 1253 4211 castello
1282 4151 1427 4220 sederant,
1451 4149 1627 4208 refferebant
1640 4148 1785 4206 ucenae:

112 4259 185 4298 vero
199 4241 344 4310 ecclesias,
356 4257 412 4314 que
427 4257 480 4313 per
494 4241 745 4302 divorsaslor'celli
757 4247 923 4318 partasius·
976 4269 990 4298 a
1008 4243 1189 4302 ldarcelhnus
1200 4241 1375 4316 patriarcha,
1386 4239 1449 4311 ipse
1457 4237 1606 4314 prirnusiu
1618 4237 1721 4294 oedem
1733 4253 1786 4294 no-

114 4336 184 4388 rant
201 4329 467 4388 edifficatehurius
482 4331 801 4408 tribunusetpredictus
813 4336 925 4392 Maurus
976 4351 1043 4392 vam
1061 4332 1224 4407 Aquileiam
1240 4331 1316 4390 sedis
1326 4339 1360 4376 ¹⁸¹
1377 4329 1460 4388 annis
1473 4332 1517 4396 io,
1533 4327 1582 4402 qui
1594 4327 1789 4401 prinalecerat

116 4419 264 4492 presbiter
285 4419 334 4493 qui
352 4419 447 4476 luerat
470 4421 576 4478 electus
591 4439 657 4479 eum
679 4423 804 4480 universi
827 4413 963 4499 populiD
977 4423 1188 4481 monasterium
1218 4420 1400 4493 beligniense
1420 4420 1450 4476 io
1479 4419 1625 4475 destructa
1647 4416 1787 4491 Aquileia,

115 4509 204 4565 lande
218 4509 431 4565 cooshtucrunt
443 4512 473 4566 et
492 4509 749 4581 confirmaverunt,
766 4517 855 4587 atque
873 4515 926 4572 suh
976 4513 1158 4588 quodetiam
1175 4509 1385 4568 monasterium
1402 4509 1455 4568 suh
1469 4507 1580 4582 proprii
1590 4506 1788 4577 dominiijure

117 4598 507 4671 potestativojureaecclesise
517 4604 623 4658 sancte
632 4602 726 4659 ldaria
736 4602 926 4661 subdiderunt
976 4602 1117 4677 quamdiu
1132 4601 1202 4658 vixit
1216 4599 1345 4659 retinuit.
1370 4599 1440 4656 llnic
1453 4602 1553 4656 autern
1568 4596 1704 4654 suecessit
1715 4597 1788 4654 ldar·

119 4688 182 4756 tsol.
196 4687 244 4756 h’l,
258 4688 430 4746 etornoium
445 4690 675 4763 supradictarum
685 4699 720 4734 ¹¹¹
730 4693 925 4750 eeclesiarum
976 4693 1108 4759 cellinus,
1130 4692 1179 4766 qui
1204 4689 1288 4747 conis
1305 4694 1337 4746 15
1353 4704 1436 4746 novae
1447 4687 1597 4762 Aquilege
1610 4685 1684 4744 rexit
1698 4687 1789 4743 eccls-

118 4779 294 4834 censuerunt
304 4776 481 4850 episcopium
491 4777 584 4851 ipsam
594 4779 743 4836 ecclesiam
755 4783 861 4837 sancte
868 4780 925 4838 lla·
976 4783 1061 4838 siarn.
1075 4782 1143 4838 Post
1157 4795 1244 4853 quern
1257 4776 1422 4850 Stephanus
1437 4776 1467 4832 in
1481 4776 1613 4847 ejusdem
1633 4773 1721 4831 castri
1733 4791 1788 4831 rec-

123 4865 179 4920 rie.
193 4866 278 4921 Juxta
290 4866 365 4922 hane
374 4867 481 4941 quippe
491 4868 650 4924 ecclesiam
662 4884 721 4925 non
731 4870 818 4942 longe
831 4870 861 4925 in
871 4871 924 4927 ho·
975 4871 1091 4926 clesiarn
1104 4869 1179 4925 sedit
1193 4869 1277 4924 annis
1294 4871 1327 4924 lh
1344 4869 1374 4923 et
1390 4865 1539 4922 mensibus
1553 4868 1570 4920 3
1585 4869 1615 4920 et
1629 4863 1730 4922 diebus
1744 4867 1788 4920 ib.

123 4968 192 5010 nore
203 4954 255 5010 [lei
268 4958 298 5012 et
311 4957 401 5011 sancti
413 4955 553 5013 lobannis
563 4957 684 5030 apostoli
698 4961 728 5014 et
742 4960 925 5034 evangelistas
977 4961 1064 5033 liujus
1087 4959 1195 5033 quippe
1217 4973 1364 5014 successor
1380 4955 1474 5013 extitit
1494 4956 1618 5024 ldaurus,
1633 4955 1726 5029 quiin
1739 4969 1790 5011 ea-

123 5042 224 5116 preiati
240 5044 384 5102 Frauduni
399 5043 787 5105 edifficaverunthasilicam.
804 5043 926 5106 lix'con·
977 5049 1045 5106 dem
1070 5047 1198 5104 eeclesia
1221 5045 1328 5120 prelnit
1352 5043 1435 5102 annis
1460 5046 1487 5114 l,
1515 5043 1664 5101 mensibus
1676 5048 1702 5103 5.
1723 5043 1791 5098 Post

787 5155 904 5212 vante
924 5155 1125 5213 Lauricius.

161 5261 195 5295 ¹¹⁸
209 5255 248 5310 sic
255 5251 377 5324 prienam
390 5248 521 5325 scriptum
535 5257 604 5321 mot,
614 5259 676 5324 poet
691 5270 710 5308 u
724 5255 782 5327 ing
794 5261 819 5310 et
834 5272 853 5310 n
866 5271 896 5312 nt
919 5261 1050 5312 rmutcto
1064 5260 1176 5323 manat
1187 5269 1258 5308 nnnc
1272 5251 1391 5326 llagnus
1404 5253 1436 5310 ιἰι
1448 5250 1538 5308 codice
1548 5247 1666 5320 legatur.
1681 5242 1790 5302 hodiem

126 5322 452 5396 tcuenprimelectioarh
464 5323 547 5394 (aare
561 5327 683 5394 cognosci
712 5331 813 5384 coeunt.
830 5327 1023 5383 Giesebercbt.
1063 5334 1098 5368 ¹⁴⁷
1112 5341 1235 5398 prepare
1253 5341 1277 5384 c.
1316 5333 1352 5369 ¹¹⁸
1370 5326 1410 5379 ita
1424 5326 1450 5379 3.
1467 5321 1652 5378 tribunoruin
1673 5319 1788 5400 etpro-

125 5396 573 5537 ffl,⁰tdir²,‘'9⁰,⁰2'ssssff‚⁰⁸m“
586 5411 671 5452 anaim
689 5342 717 5453 f.
755 5405 791 5441 ¹⁴⁰
810 5413 878 5454 cum
891 5398 1067 5471 supplendae
1088 5413 1142 5454 esse
1154 5395 1268 5453 uidetur.
1284 5395 1318 5453 G.
1357 5403 1392 5438 ¹¹¹
1403 5396 1441 5448 ito
1456 5396 1482 5449 3.
1499 5405 1634 5464 proceres
1647 5392 1679 5446 et
1690 5405 1723 5446 ιιι
1734 5386 1789 5442 loco

170 5645 243 5721 (itti)
259 5642 426 5706 &nedictus
445 5645 542 5704 nulius
557 5644 642 5704 initio
662 5646 758 5705 meoli
773 5645 844 5706 noni
855 5557 1006 5706 scddiffAE
