3882 6170
207 415 257 479 tbi

707 407 875 470 oozrssnn
901 408 1044 468 sonans
1066 407 1354 468 TEGERNSEENSlS.
1794 423 1835 478 itt

241 527 426 597 Fidelissima
438 529 597 592 devotionis
609 533 754 603 exercitia,
771 549 835 606 quas
851 535 915 588 tam
930 531 1010 604 longi
1021 536 1048 600 A
1060 548 1124 588 mus
1135 532 1217 601 scire,
1231 532 1300 606 quid
1314 533 1410 588 essent
1433 528 1525 606 pisces
1537 545 1606 606 qnos
1620 533 1722 592 husones
1745 555 1806 596 nom
1819 540 1841 594 l-

208 627 348 702 temporis
362 625 447 682 nobis
459 641 491 680 ac
506 623 609 680 nostris
622 621 724 679 avobis
738 619 1009 695 infatigabilitcrdi·
1062 624 1145 690 nant,
1162 621 1216 676 nisi
1245 622 1434 693 eleemosyna
1450 621 1547 677 vestri.
1563 622 1694 679 Volumus
1711 627 1789 682 etiam
1800 645 1841 684 ros

207 717 340 775 versitate
354 715 488 770 laborum
504 711 763 784 magnitudineque
778 709 1009 766 ministeriorum
1062 726 1145 765 nosse
1155 711 1233 782 quod
1243 712 1323 766 nullo
1337 711 1843 784 annopretermittimuseensumora·

207 803 614 878 suntimpertita,cunctorum
623 799 910 857 remuneratorlleus
920 796 1012 853 suncti
1062 797 1149 855 tionis
1162 799 1714 873 quemvobispromisimus.exceptisbis
1728 821 1842 876 quaspro

208 891 289 948 testis
304 891 346 947 sui
359 890 472 956 Quirini
485 890 628 962 precibus,
641 887 822 943 mercedibus
832 885 940 941 centies
948 900 1015 939 cen·
1063 887 1244 958 elemosynas
1253 887 1517 943 nobislacientibus
1528 889 1719 945 communiter
1731 892 1844 948 celebra-

208 979 352 1054 tuplicatis
358 978 538 1034 remunerari
544 977 680 1049 dignetur
688 991 786 1031 coram
801 973 1012 1030 coetibuscoele·
1063 991 1141 1043 mus;
1156 975 1319 1046 specialiter
1330 992 1381 1048 pro
1391 976 1635 1048 vobisamicisque
1648 979 1742 1033 uestris
1752 980 1844 1051 quiad-

209 1067 309 1123 stibus.
325 1066 424 1123 llerito
434 1082 486 1138 pro
497 1060 1012 1136 vobislleosupplicamns‚quilocum
1063 1063 1119 1118 huc
1130 1065 1228 1120 vivunt
1242 1066 1285 1120 vel
1295 1065 1359 1135 jam
1374 1065 1404 1119 in
1420 1066 1532 1122 Christo
1557 1066 1701 1133 obierunt,
1727 1085 1757 1123 ac
1769 1069 1845 1123 lelicis

209 1157 343 1211 nostrum
352 1149 1016 1226 talibnsoperibushonorumsublimastis‚qua-
1066 1153 1216 1207 memoriae
1231 1153 1353 1224 conjuge
1363 1156 1455 1208 vestra
1465 1169 1531 1208 reni
1545 1153 1645 1208 missas
1660 1158 1688 1209 et
1697 1156 1845 1227 psalterios

207 1244 283 1312 libus
297 1261 351 1300 nec
369 1243 528 1316 priscorum
542 1241 722 1313 temporibus
747 1239 888 1312 comperti
906 1251 1014 1304 sumus.
1066 1239 1263 1296 decantamus.
1273 1239 1443 1305 Quinetiam
1453 1240 1574 1296 nomina
1584 1243 1847 1314 vestrascriptasunt

211 1349 265 1389 nec
274 1349 333 1390 non
357 1331 465 1387 visuros
479 1347 539 1386 esse
552 1329 748 1402 sperabamus.
758 1328 889 1384 Ecclesiae
908 1325 1016 1381 nostr'ae
1065 1327 1143 1400 apud
1156 1345 1209 1385 nos
1222 1333 1341 1403 propter
1352 1330 1456 1402 jugem
1471 1331 1655 1386 memoriam.
1670 1331 1771 1386 Valete.

209 1420 345 1476 ienestrae
357 1418 708 1491 veteribuspannisusque
717 1432 794 1472 nunc
809 1414 1014 1472 lueruntclau-

210 1502 507 1564 saviniacensibus
521 1501 703 1579 temporibus
726 1503 890 1560 auricomus
899 1502 941 1558 sol
956 1498 1015 1573 pri-

212 1611 295 1650 mum
303 1592 413 1649 infulsit
421 1592 545 1649 basilicae
558 1595 664 1648 nostrae
680 1591 846 1664 pavimenta
860 1607 912 1662 per
924 1588 1017 1644 disco·

213 1676 1018 1753 loriapicturarumvitra;cunctorumqueinspicientium
1088 1736 1090 1744 Ι

212 1769 301 1826 eorda
324 1771 491 1842 pertentant
504 1768 679 1842 multiplicia
696 1768 814 1840 gaudia,
832 1766 881 1839 qui
902 1766 1019 1820 interse

212 1858 357 1914 mirantur
366 1857 474 1913 insoliti
484 1856 580 1930 operis
594 1856 756 1913 varietates.
767 1855 907 1922 Quocirca
914 1869 1018 1927 quous·
1031 1845 1057 1912 B

209 1959 270 2022 qua
287 1949 366 2004 locus
380 1948 432 2004 iste
448 1948 578 2004 cernitur
591 1947 643 2003 tali
657 1947 809 2003 decoratus
827 1947 942 2013 ornatu,
958 1956 1019 1999 vcs-

210 2039 291 2092 trum
311 2049 421 2092 nomen
441 2036 488 2092 dic
502 2038 648 2109 noctuque
669 2031 1021 2092 celebrationibnsoratio-

212 2142 283 2181 num
293 2123 454 2180 ascribitur.
471 2119 685 2181 Etutomnium
695 2123 898 2196 proximorum
910 2124 1019 2177 vestro-

211 2227 279 2268 rum
286 2209 1022 2284 memoriadeincepshicageturdacitessconcribino·

212 2299 294 2354 mins
303 2309 545 2372 qualemcunque
557 2299 640 2354 vultis
648 2301 677 2355 in
688 2299 871 2366 membrana,
881 2297 1021 2369 nobisque

208 2385 1023 2460 transibitliperpraesentcmnuntiumvcstrccdeliberati·

212 2474 261 2532 oni
270 2473 444 2530 dimittimus
454 2475 519 2532 illos
527 2493 633 2548 pucros
641 2475 851 2548 probandos‚si
864 2473 936 2528 illud
951 2490 1022 2546 opus

212 2562 517 2619 adhucitasintedocti
530 2563 659 2620 utivobis
673 2561 1020 2619 esthonoriticumnobis·

212 2667 268 2723 que
278 2650 566 2723 necessarium;vel,si
576 2651 733 2724 aliquideis
744 2652 843 2707 deesse
861 2650 1019 2718 inveniam,

210 2738 1017 2800 bceatcosrcmittererobiscausameliorationis.t¹alete.

497 2829 667 2887 EPISTOLA
689 2831 733 2885 lv.

409 2918 444 2957 sn
459 2917 655 2958 remansurus
665 2917 792 2957 courrau.

209 2979 299 3076 Requi
311 2993 341 3048 ut
353 2983 405 3047 att
415 2985 539 3046 coenibii
556 2987 692 3062 [rumenti
705 2991 734 3044 in
748 2989 847 3044 victum
860 3005 950 3045 eorum
971 2988 1019 3062 qui

245 3079 279 3119 sn
288 3062 403 3128 Austris
416 3062 587 3118 monastertio
601 3075 647 3118 suo
657 3063 789 3128 serviunt,
801 3061 962 3132 eteruictnr.
1073 3101 1076 3106 Δ

245 3151 290 3226 G„
300 3147 564 3213 abbasmonasterii
576 3145 605 3206 S.
623 3147 669 3219 0.,
685 3145 726 3205 itt.
740 3147 839 3206 comiti
849 3128 1048 3205 venerancofl

208 3240 333 3302 odotem
347 3243 378 3300 in
394 3237 528 3300 Domino.

245 3331 278 3388 ln
292 3331 422 3389 maxima
431 3325 601 3386 necessitate
612 3324 712 3384 fideles
723 3321 922 3383 amicimerito
938 3339 1016 3398 quec-

210 3423 401 3490 mntur,et‚ut
415 3419 620 3494 scriptumest,
636 3416 793 3474 sinedubin
808 3418 1018 3490 tnnccompro-

1351 1453 1520 1511 eelsronn
1538 1456 1582 1509 Vl.

1385 1561 1420 1599 sn
1432 1561 1552 1601 ananan.

1067 1651 1141 1706 Petit
1154 1651 1205 1705 sibi
1227 1653 1343 1722 suesque,
1363 1667 1425 1707 cuin
1439 1653 1564 1708 carnibus
1591 1651 1776 1709 monachorum
1789 1670 1851 1709 inore

1281 1722 1440 1792 obstineant,
1449 1726 1558 1780 titanas
1573 1727 1655 1780 mitti.

1103 1809 1218 1866 Damno
1232 1811 1267 1865 ld.
1276 1810 1346 1865 boni
1356 1812 1483 1867 nominis
1491 1812 1584 1885 gloria
1592 1812 1699 1886 ubique
1709 1813 1852 1881 dillamato,

1070 1900 1224 1955 Gozennrus
1238 1899 1326 1956 abbas
1341 1917 1406 1958 eum
1421 1901 1478 1957 suis
1494 1901 1689 1960 confratribus
1703 1903 1816 1958 salutern
1829 1902 1854 1956 in

1071 1988 1205 2046 Domino.

1106 2075 1501 2152 Nulliusseruitiimunusprae
1513 2079 1651 2137 manibus
1665 2079 1857 2146 habentes,ae·

1071 2163 1199 2220 cedimus
1212 2165 1248 2220 ad
1264 2181 1314 2222 vos
1329 2181 1451 2239 magnas
1464 2186 1510 2223 res
1523 2169 1762 2242 postulantes‚sed
1772 2171 1856 2223 tamen

1072 2251 1483 2325 audacter,quiconlldentiam
1492 2259 1669 2314 resumimus
1677 2255 1858 2313 deconscienli

1072 2341 1158 2397 totius
1174 2343 1313 2398 bonitatis
1328 2344 1356 2398 in
1383 2363 1442 2401 vos.
1471 2349 1501 2400 ln
1517 2349 1626 2417 repicne
1641 2347 1775 2417 Australi,
1798 2344 1859 2398 sicut

1071 2430 1160 2500 scitis,
1176 2432 1350 2502 habitantes,
1365 2451 1447 2490 more
1459 2437 1687 2508 monachorum,
1703 2438 1735 2490 nt
1749 2435 1860 2502 deceta

1071 2519 1205 2575 carnibus
1225 2521 1413 2591 abstinentes,
1428 2526 1547 2596 captura
1561 2524 1687 2596 piscium
1701 2540 1765 2580 raro
1779 2519 1858 2594 pasci·

1071 2623 1147 2676 mur,
1162 2607 1229 2681 quia
1239 2610 1362 2682 piscosas
1378 2628 1465 2684 aquas
1480 2611 1605 2668 minime
1615 2614 1765 2668 babemus.
1776 2610 1827 2666 Sed
1840 2609 1859 2664 si

1070 2693 1227 2752 Deusanno
1241 2699 1544 2770 proesentilecundavit
1554 2704 1711 2775 capturam
1718 2701 1859 2762 husonum,

1069 2785 1218 2841 nobiscum
1234 2788 1359 2859 petimus
1375 2787 1703 2864 utjubeetislergiendo
1713 2784 1861 2845 communi·

1068 2874 1138 2942 cari,
1152 2877 1184 2929 ut
1198 2876 1373 2932 memoriam
1386 2876 1471 2933 vestri
1492 2877 1632 2951 deinceps
1648 2895 1746 2935 coram
1765 2877 1819 2934 Deo
1835 2875 1860 2929 in

1068 2962 1246 3020 orationibus
1256 2967 1360 3020 nostris
1372 2966 1542 3023 habeamus.
1556 2965 1668 3025 Valete.

1339 3090 1507 3147 EPISTOLd
1537 3092 1596 3148 llll.

1172 3205 1207 3246 sn
1229 3205 1393 3246 canusinus
1407 3203 1555 3247 rriscoruu
1568 3203 1767 3248 suensrsnou.

1065 3295 1136 3370 Ejus
1163 3297 1316 3367 rctipionem
1337 3315 1367 3353 cc
1387 3297 1518 3367 pietatem
1536 3298 1647 3368 tandm,
1669 3297 1823 3370 spondetque
1836 3307 1859 3346 se

1103 3369 1138 3422 nd
1152 3370 1282 3438 cumdem,
1310 3385 1371 3425 cum
1394 3383 1444 3439 ριν
1462 3369 1527 3422 nm
1550 3377 1656 3442 tenpus
1680 3370 1793 3436 licuerit,
1819 3381 1860 3420 nc·

1101 3456 1244 3495 cessurum.

209 3509 318 3568 bantur
335 3508 452 3582 quando
467 3507 603 3564 solatium
611 3505 748 3578 adjutorii
760 3505 934 3577 largiuntur.
944 3503 1017 3570 Quia
1105 3525 1803 3603 Domnoponpfficffi·„,n,„„umammomum
1812 3537 1866 3582 me.

210 3595 442 3654 consolationem
451 3599 579 3652 vestram
590 3609 706 3666 semper
715 3592 906 3650 habuimusin
921 3593 1016 3650 omni·
1066 3622 1129 3680 rifi,
1141 3617 1299 3696 apostoli„
1312 3616 1380 3674 „de
1391 3615 1478 3689 dign,
1493 3617 1712 3688 ,ublimapmflw
1728 3627 1865 3672 ,morum

209 3685 264 3744 ω
275 3686 361 3743 r⁰b⁰⁵
375 3680 601 3785 ”⁰⁵tfis’idcirw
625 3683 713 3784 etim
722 3697 821 3783 ‚num’
834 3681 917 3755 qum
932 3679 1016 3782 quim
1067 3710 1253 3778 Deiultimus,
1264 3703 1438 3778 humilisque
1445 3705 1810 3782 monachicaeongregatio
1820 3699 1867 3758 sibi

210 3771 288 3848 patri
306 3777 336 3831 et
347 3789 466 3874 proprio
482 3771 614 3874 domnio,
629 3774 729 3845 prelati
744 3774 847 3873 restrae
868 3785 1017 3872 qncnmo·
1068 3799 1233 3868 comma,
1248 3793 1478 3853 „mummium
1492 3812 1678 3871 precumque
1690 3793 1866 3854 ”dmm

210 3861 421 3920 niamfacrmus
431 3859 467 3919 de
479 3859 592 3918 familia
602 3863 701 3918 nosne
714 3874 840 3934 quarum
849 3859 958 3917 onena
969 3859 1020 3915 ha·
1069 3889 1100 3946 ,n
1116 3887 1239 3946 cmm„

210 3951 392 4027 bemm’quae
407 3965 467 4026 ΡΜ
476 3949 600 4024 Ρθῃωία
617 3949 702 4023 gram
713 3947 852 4021 prmum
867 3965 944 4004 ⁸⁰⁰⁰
953 3944 1019 4004 δώ·
1105 3977 1261 4034 Virtutibus
1275 3981 1377 4035 vestre
1390 3974 1543 4036 laudabilis
1556 3974 1660 4046 famae,
1670 3991 1743 4050 quas
1755 3972 1815 4048 pius
1829 3985 1868 4025 ru-

208 4035 287 4116 iecct
300 4039 379 4115 gravi
388 4039 517 4115 periculo
538 4036 685 4107 seminani
699 4038 737 4094 de
750 4041 833 4110 parte
847 4039 948 4094 nostra
960 4053 1020 4094 non

211 4127 599 4204 possunmssubveniresicnt
607 4125 770 4195 debuimus,
783 4125 850 4199 quia
861 4123 892 4180 in
905 4123 960 4180 isto
971 4141 1022 4180 an·

210 4215 675 4276 nntlercsnonbenclrnctilleavit
686 4216 769 4273 nobis
784 4216 815 4272 in
824 4215 895 4272 locis
902 4215 1019 4291 nostris.

214 4303 444 4379 Sedpetimusut
455 4305 540 4362 nobis
551 4305 687 4378 aperiatis
699 4322 821 4362 manum
831 4303 923 4360 solitae
933 4305 1020 4377 largi·

1070 4084 1136 4125 mor
1146 4067 1247 4123 matris
1262 4067 1395 4124 Ecclesiae
1403 4067 1510 4140 ubique
1523 4065 1674 4138 diffundit,
1692 4063 1868 4136 congretate-

1071 4171 1284 4229 mur,quosque
1290 4156 1448 4229 sepissime
1458 4156 1604 4227 comperti
1616 4171 1732 4222 sumus,
1742 4154 1870 4224 frequen-

1071 4245 1138 4302 tiori
1153 4245 1319 4302 narratione
1330 4233 1488 4302 venerandi
1500 4244 1640 4302 antistitis
1653 4242 1749 4301 nostri
1762 4238 1871 4310 G.(Gote

1071 4333 1187 4390 sebethi
1211 4351 1250 4406 ep.
1276 4333 1421 4408 Frisium,
1464 4334 1514 4406 qui
1527 4350 1578 4389 vos
1592 4333 1727 4390 multum
1742 4332 1820 4388 amat
1846 4326 1871 4382 in

212 4393 305 4450 tionis
318 4395 431 4464 vestra,
447 4397 476 4449 et
485 4393 611 4466 jubeatis
632 4395 716 4451 nobis
731 4393 794 4451 dari
808 4395 1059 4473 aliquantulnmn
1072 4423 1196 4493 emim,
1210 4439 1277 4480 ,um
1287 4421 1710 4496 priscorumpmdeoessomm
1725 4418 1810 4476 „sm
1822 4413 1872 4488 ep„

210 4480 356 4540 numenei
371 4482 408 4538 ob
423 4481 641 4556 eleemosynam
653 4483 740 4539 vestri
753 4483 783 4539 in
796 4483 903 4540 victum
919 4499 1021 4540 eorum

215 4573 248 4630 in
258 4572 363 4644 regione
372 4569 621 4644 orientati,quevos
634 4569 836 4642 dominamini,
847 4570 968 4629 nelame
975 4589 1024 4644 pc·

211 4661 349 4718 nitescas
358 4659 493 4716 etinedia
502 4660 699 4715 consummari
712 4662 756 4716 vel
771 4661 847 4718 mori
862 4661 1022 4719 videamus.

215 4749 325 4809 talete.

528 4822 700 4880 musione
711 4821 743 4880 v.

537 4919 571 4957 ΑΒ
587 4919 709 4959 uulneri.

217 4991 328 5052 Gratim
338 4993 450 5064 apitprc
472 4990 615 5047 turonibus
629 4996 740 5064 piscium
755 5009 859 5062 perere,
877 4999 1023 5065 quantum·

251 5081 302 5194 aas
309 5077 423 5135 precam
434 5063 492 5120 beo
508 5079 561 5134 pro
571 5064 634 5147 ,nus
653 5065 774 5136 conjugis
799 5066 893 5122 enimc
907 5067 1024 5136 oileum

276 5143 595 5207 eqermeesseneepcmt.

251 5223 455 5281 Famosisslmo
470 5223 569 5278 comiti
581 5237 768 5290 maranensis,
785 5237 907 5278 sumine
921 5220 1022 5278 nobili-

215 5312 283 5369 tatis
296 5312 430 5387 prosapia
445 5311 611 5384 progenito,
620 5312 654 5368 G.
665 5312 754 5368 abbas
768 5327 835 5368 curn
851 5327 940 5386 grege
962 5327 1024 5366 rno-

212 5402 335 5459 nachico
345 5401 398 5457 sibi
413 5401 543 5474 subjecto
558 5401 682 5457 salutem
694 5400 724 5455 in
740 5400 876 5457 ltomino.

248 5491 332 5557 Quod
356 5489 478 5562 singulis
492 5489 576 5546 annis
605 5489 732 5563 petendo
747 5503 797 5545 ros
821 5487 1019 5559 sollicitemus,

208 5581 361 5655 compellit
371 5596 424 5636 nos
433 5579 545 5636 instans
555 5579 720 5648 necessitas,
735 5581 766 5634 et
777 5579 1019 5651 solitaatqnean·

1072 4507 1874 4585 scaporumgratiaseufamiliaritateadmodumpleniter

1073 4604 1110 4660 ob
1123 4605 1337 4674 eleemosynam
1350 4602 1393 4658 sui
1403 4603 1495 4659 functi
1509 4619 1620 4672 sumus,
1645 4604 1697 4677 qui
1714 4619 1768 4659 nos
1777 4601 1874 4658 dilexe-

1073 4696 1141 4748 runt
1148 4707 1200 4764 pro
1208 4708 1307 4748 amore
1318 4691 1369 4748 nei
1374 4690 1523 4765 sanctique
1530 4690 1783 4764 Quirini,palroni
1793 4685 1876 4746 nostri

1074 4797 1108 4836 eo
1122 4779 1364 4836 ardentiusetiam
1377 4779 1502 4853 gratiam
1513 4781 1600 4836 vestri
1614 4797 1679 4854 prae
1689 4776 1875 4836 caeterisbabe

1074 4869 1190 4940 spiritus
1202 4867 1345 4924 desiderio
1351 4868 1474 4936 sitimus,
1484 4885 1540 4942 quo
1551 4885 1602 4924 vos
1613 4885 1731 4926 nomen
1745 4863 1878 4940 religiosi·

1075 4961 1223 5030 talemque
1231 4955 1411 5012 Benedictinoe
1420 4959 1484 5010 vitre
1493 4955 1625 5027 positum
1638 4957 1669 5014 in
1678 4955 1836 5031 apostolica
1844 4951 1879 5007 di·

1073 5048 1184 5120 gnitate
1195 5063 1254 5118 prae
1270 5044 1332 5101 aliis
1347 5061 1488 5102 exornare
1501 5045 1635 5100 moribus
1643 5045 1805 5119 habituque
1821 5058 1881 5098 sen-

1074 5135 1170 5191 timus.
1179 5134 1251 5199 Quia
1260 5133 1372 5207 gremio
1385 5123 1715 5206 Augustensisecclesiae
1731 5131 1879 5189 nutritisu·

1073 5240 1164 5280 musa
1183 5239 1283 5295 puero,
1299 5224 1431 5278 sanctum
1445 5222 1629 5295 locumsaepe
1649 5223 1758 5297 saepius
1772 5218 1880 5278 uisitare

1074 5311 1529 5384 debemus,proximaqueastate,
1541 5312 1663 5384 qnando
1674 5305 1879 5384 graminasulfi

1072 5416 1136 5457 cere
1151 5405 1273 5474 possunt
1287 5399 1582 5470 iteratoribus,vcstris
1602 5399 1793 5457 orationibus
1809 5396 1880 5452 intus

1071 5504 1120 5545 vos
1133 5489 1228 5545 videre
1244 5489 1385 5561 cupimus,
1397 5492 1547 5561 vestraque
1562 5487 1696 5545 animari
1712 5485 1879 5563 prasentia,

1069 5581 1101 5633 ut
1117 5577 1232 5651 spiritns
1242 5579 1385 5636 desiderat
1407 5593 1460 5650 per
1479 5578 1592 5652 singula
1619 5581 1789 5639 momenta.
1806 5573 1880 5642 Quo·

211 5669 303 5728 nuda
316 5667 430 5742 largitio
442 5667 628 5742 benignitatis
642 5671 753 5739 sesua,
767 5667 837 5742 quia
850 5667 895 5724 vir
914 5667 1015 5742 potui·
1062 5666 1144 5724 circs
1160 5667 1297 5742 petimus,
1320 5667 1452 5742 pactiles
1460 5665 1639 5739 veneranda,
1656 5667 1799 5742 deinceps
1814 5679 1873 5722 ine·
