<?xml version="1.0" encoding="UTF-8"?>
<!DOCTYPE html PUBLIC "-//W3C//DTD XHTML 1.0 Transitional//EN"
    "http://www.w3.org/TR/xhtml1/DTD/xhtml1-transitional.dtd">
<html xmlns="http://www.w3.org/1999/xhtml" xml:lang="en" lang="en">
 <head>
  <title>
</title>
<meta http-equiv="Content-Type" content="text/html;charset=utf-8" />
  <meta name='ocr-system' content='tesseract 3.04.00' />
  <meta name='ocr-capabilities' content='ocr_page ocr_carea ocr_par ocr_line ocrx_word'/>
</head>
<body>
  <div class='ocr_page' id='page_1' title='image "./patrologiaecurs96unkngoog_0429.png"; bbox 0 0 3952 6176; ppageno 0'>
   <div class='ocr_carea' id='block_1_1' title="bbox 94 348 1756 428">
    <p class='ocr_par' dir='ltr' id='par_1_1' title="bbox 94 348 1756 428">
     <span class='ocr_line' id='line_1_1' title="bbox 94 348 1756 428; baseline -0.009 0"><span class='ocrx_word' id='word_1_1' title='bbox 94 351 144 428; x_wconf 81' lang='lat' dir='ltr'><strong>elo</strong></span> <span class='ocrx_word' id='word_1_2' title='bbox 485 366 531 426; x_wconf 86' lang='lat' dir='ltr'><strong>nn</strong></span> <span class='ocrx_word' id='word_1_3' title='bbox 545 355 731 428; x_wconf 73' lang='lat' dir='ltr'><strong>amanus</strong></span> <span class='ocrx_word' id='word_1_4' title='bbox 750 363 782 424; x_wconf 83' lang='lat' dir='ltr'><strong>s,</strong></span> <span class='ocrx_word' id='word_1_5' title='bbox 802 353 985 418; x_wconf 79' lang='lat' dir='ltr'><strong>aanmrmr</strong></span> <span class='ocrx_word' id='word_1_6' title='bbox 997 349 1088 415; x_wconf 82' lang='lat' dir='ltr'><strong>nicar</strong></span> <span class='ocrx_word' id='word_1_7' title='bbox 1100 348 1183 418; x_wconf 87' lang='lat' dir='ltr'><strong>nno.</strong></span> <span class='ocrx_word' id='word_1_8' title='bbox 1198 388 1234 403; x_wconf 94' lang='lat'><em>-</em></span> <span class='ocrx_word' id='word_1_9' title='bbox 1249 359 1314 417; x_wconf 81' lang='lat' dir='ltr'><strong>tra.</strong></span> <span class='ocrx_word' id='word_1_10' title='bbox 1326 356 1350 418; x_wconf 90' lang='lat' dir='ltr'><strong>u</strong></span> <span class='ocrx_word' id='word_1_11' title='bbox 1704 352 1756 414; x_wconf 81' lang='lat' dir='ltr'><strong>aco</strong></span> 
     </span>
    </p>
   </div>
   <div class='ocr_carea' id='block_1_2' title="bbox 94 483 1755 570">
    <p class='ocr_par' dir='ltr' id='par_1_2' title="bbox 94 483 1755 570">
     <span class='ocr_line' id='line_1_2' title="bbox 94 483 1755 570; baseline -0.007 -21"><span class='ocrx_word' id='word_1_12' title='bbox 94 497 155 551; x_wconf 90' lang='lat' dir='ltr'><strong>tum</strong></span> <span class='ocrx_word' id='word_1_13' title='bbox 171 497 216 552; x_wconf 89' lang='lat' dir='ltr'><strong>est</strong></span> <span class='ocrx_word' id='word_1_14' title='bbox 237 513 325 570; x_wconf 89' lang='lat' dir='ltr'><strong>quam</strong></span> <span class='ocrx_word' id='word_1_15' title='bbox 340 499 444 569; x_wconf 88' lang='lat' dir='ltr'><strong>puteus</strong></span> <span class='ocrx_word' id='word_1_16' title='bbox 463 495 509 552; x_wconf 78' lang='lat' dir='ltr'><strong>laic</strong></span> <span class='ocrx_word' id='word_1_17' title='bbox 533 493 666 568; x_wconf 84' lang='lat' dir='ltr'><strong>egregius</strong></span> <span class='ocrx_word' id='word_1_18' title='bbox 686 493 741 550; x_wconf 84' lang='lat' dir='ltr'><strong>dur</strong></span> <span class='ocrx_word' id='word_1_19' title='bbox 756 491 854 547; x_wconf 86' lang='lat' dir='ltr'><strong>noster</strong></span> <span class='ocrx_word' id='word_1_20' title='bbox 867 491 939 552; x_wconf 76' lang='lat' dir='ltr'><strong>acA</strong></span> <span class='ocrx_word' id='word_1_21' title='bbox 952 483 1034 551; x_wconf 81' lang='lat' dir='ltr'><strong>tinod</strong></span> <span class='ocrx_word' id='word_1_22' title='bbox 1046 485 1093 543; x_wconf 91' lang='lat' dir='ltr'><strong>ille</strong></span> <span class='ocrx_word' id='word_1_23' title='bbox 1105 485 1379 556; x_wconf 88' lang='lat' dir='ltr'><strong>fucatausnslaude,</strong></span> <span class='ocrx_word' id='word_1_24' title='bbox 1389 484 1518 560; x_wconf 88' lang='lat' dir='ltr'><strong>quodam</strong></span> <span class='ocrx_word' id='word_1_25' title='bbox 1529 483 1755 542; x_wconf 91' lang='lat' dir='ltr'><strong>deterrenarum</strong></span> 
     </span>
    </p>
   </div>
   <div class='ocr_carea' id='block_1_3' title="bbox 92 573 1550 656">
    <p class='ocr_par' dir='ltr' id='par_1_3' title="bbox 92 573 1550 656">
     <span class='ocr_line' id='line_1_3' title="bbox 92 573 1550 656; baseline -0.006 -18"><span class='ocrx_word' id='word_1_26' title='bbox 92 599 209 656; x_wconf 78' lang='lat' dir='ltr'><strong>semper</strong></span> <span class='ocrx_word' id='word_1_27' title='bbox 224 584 421 642; x_wconf 88' lang='lat' dir='ltr'><strong>nominandus</strong></span> <span class='ocrx_word' id='word_1_28' title='bbox 434 583 604 641; x_wconf 86' lang='lat' dir='ltr'><strong>Benedictus</strong></span> <span class='ocrx_word' id='word_1_29' title='bbox 612 583 639 638; x_wconf 92' lang='lat' dir='ltr'><strong>in</strong></span> <span class='ocrx_word' id='word_1_30' title='bbox 649 581 760 638; x_wconf 91' lang='lat' dir='ltr'><strong>dnobus</strong></span> <span class='ocrx_word' id='word_1_31' title='bbox 774 579 899 650; x_wconf 90' lang='lat' dir='ltr'><strong>siugula-</strong></span> <span class='ocrx_word' id='word_1_32' title='bbox 950 575 1071 648; x_wconf 90' lang='lat' dir='ltr'><strong>protulit</strong></span> <span class='ocrx_word' id='word_1_33' title='bbox 1085 575 1215 649; x_wconf 80' lang='lat' dir='ltr'>principe</span> <span class='ocrx_word' id='word_1_34' title='bbox 1227 593 1325 634; x_wconf 88' lang='lat' dir='ltr'><strong>rerum</strong></span> <span class='ocrx_word' id='word_1_35' title='bbox 1340 575 1382 633; x_wconf 91' lang='lat' dir='ltr'><strong>ita</strong></span> <span class='ocrx_word' id='word_1_36' title='bbox 1393 573 1526 649; x_wconf 84' lang='lat' dir='ltr'>inquiens</span> <span class='ocrx_word' id='word_1_37' title='bbox 1543 590 1550 629; x_wconf 74' lang='grc' dir='ltr'><em>τ</em></span> 
     </span>
    </p>
   </div>
   <div class='ocr_carea' id='block_1_4' title="bbox 89 661 1680 861">
    <p class='ocr_par' dir='ltr' id='par_1_4' title="bbox 89 661 1680 861">
     <span class='ocr_line' id='line_1_4' title="bbox 92 661 1597 746; baseline -0.01 -20"><span class='ocrx_word' id='word_1_38' title='bbox 92 675 143 726; x_wconf 84' lang='lat' dir='ltr'><strong>bru</strong></span> <span class='ocrx_word' id='word_1_39' title='bbox 158 673 302 730; x_wconf 83' lang='lat' dir='ltr'><strong>exstiterit</strong></span> <span class='ocrx_word' id='word_1_40' title='bbox 316 673 477 740; x_wconf 87' lang='lat' dir='ltr'><strong>elementis,</strong></span> <span class='ocrx_word' id='word_1_41' title='bbox 495 689 570 746; x_wconf 89' lang='lat' dir='ltr'><strong>aqna</strong></span> <span class='ocrx_word' id='word_1_42' title='bbox 582 670 714 726; x_wconf 87' lang='lat' dir='ltr'><strong>videlicet</strong></span> <span class='ocrx_word' id='word_1_43' title='bbox 733 671 762 724; x_wconf 93' lang='lat' dir='ltr'><strong>et</strong></span> <span class='ocrx_word' id='word_1_44' title='bbox 776 666 855 739; x_wconf 87' lang='lat' dir='ltr'><strong>igne,</strong></span> <span class='ocrx_word' id='word_1_45' title='bbox 870 665 899 720; x_wconf 92' lang='lat' dir='ltr'><strong>in</strong></span> <span class='ocrx_word' id='word_1_46' title='bbox 1027 664 1261 738; x_wconf 71' lang='lat' dir='ltr'><strong>Onlmlumdlleete</strong></span> <span class='ocrx_word' id='word_1_47' title='bbox 1278 667 1337 722; x_wconf 82' lang='lat' dir='ltr'><strong>beo.</strong></span> <span class='ocrx_word' id='word_1_48' title='bbox 1349 664 1396 714; x_wconf 85' lang='lat' dir='ltr'><strong>cibi</strong></span> <span class='ocrx_word' id='word_1_49' title='bbox 1406 663 1498 738; x_wconf 80' lang='lat' dir='ltr'><strong>militat</strong></span> <span class='ocrx_word' id='word_1_50' title='bbox 1508 661 1597 737; x_wconf 67' lang='lat' dir='ltr'><strong>amer,</strong></span> 
     </span>
     <span class='ocr_line' id='line_1_5' title="bbox 89 727 1680 861; baseline -0.009 -47"><span class='ocrx_word' id='word_1_51' title='bbox 89 760 144 816; x_wconf 89' lang='lat' dir='ltr'><strong>boc</strong></span> <span class='ocrx_word' id='word_1_52' title='bbox 158 763 316 818; x_wconf 87' lang='lat' dir='ltr'><strong>manifeste</strong></span> <span class='ocrx_word' id='word_1_53' title='bbox 332 761 484 836; x_wconf 77' lang='lat' dir='ltr'><strong>apparebit</strong></span> <span class='ocrx_word' id='word_1_54' title='bbox 506 759 692 835; x_wconf 90' lang='lat' dir='ltr'><strong>quantumin</strong></span> <span class='ocrx_word' id='word_1_55' title='bbox 708 757 836 830; x_wconf 81' lang='lat' dir='ltr'><strong>utrisque</strong></span> <span class='ocrx_word' id='word_1_56' title='bbox 851 769 900 809; x_wconf 93' lang='lat' dir='ltr'><strong>va·</strong></span> <span class='ocrx_word' id='word_1_57' title='bbox 1028 729 1187 860; x_wconf 48' lang='lat' dir='ltr'><strong>mmmm</strong></span> <span class='ocrx_word' id='word_1_58' title='bbox 1197 727 1680 861; x_wconf 40' lang='lat' dir='ltr'><strong>&amp;affimodwfflgffmwp³</strong></span> 
     </span>
    </p>
   </div>
   <div class='ocr_carea' id='block_1_5' title="bbox 70 844 1794 5323">
    <p class='ocr_par' dir='ltr' id='par_1_5' title="bbox 70 844 1794 5323">
     <span class='ocr_line' id='line_1_6' title="bbox 88 844 1752 953; baseline -0.01 -7"><span class='ocrx_word' id='word_1_59' title='bbox 88 848 177 905; x_wconf 53' lang='lat' dir='ltr'><strong>luerit</strong></span> <span class='ocrx_word' id='word_1_60' title='bbox 189 867 249 946; x_wconf 53' lang='lat'><strong>¹¹9⁰</strong></span> <span class='ocrx_word' id='word_1_61' title='bbox 263 849 425 924; x_wconf 66' lang='lat' dir='ltr'>⁰⁰d⁰mqu⁰</span> <span class='ocrx_word' id='word_1_62' title='bbox 440 853 584 924; x_wconf 58' lang='lat' dir='ltr'>tempm&#39;e’</span> <span class='ocrx_word' id='word_1_63' title='bbox 597 851 636 918; x_wconf 47' lang='grc' dir='ltr'><strong>εἶ’</strong></span> <span class='ocrx_word' id='word_1_64' title='bbox 647 851 679 903; x_wconf 56' lang='lat' dir='ltr'><strong>ut</strong></span> <span class='ocrx_word' id='word_1_65' title='bbox 690 845 783 904; x_wconf 57' lang='lat' dir='ltr'><strong>mim</strong></span> <span class='ocrx_word' id='word_1_66' title='bbox 796 844 898 919; x_wconf 43' lang='grc' dir='ltr'><strong>ΜΨ</strong></span> <span class='ocrx_word' id='word_1_67' title='bbox 950 877 1191 936; x_wconf 88' lang='lat' dir='ltr'><strong>Liceatnobishec</strong></span> <span class='ocrx_word' id='word_1_68' title='bbox 1198 879 1232 950; x_wconf 87' lang='lat' dir='ltr'><strong>de</strong></span> <span class='ocrx_word' id='word_1_69' title='bbox 1239 896 1270 936; x_wconf 90' lang='lat' dir='ltr'><strong>re</strong></span> <span class='ocrx_word' id='word_1_70' title='bbox 1276 879 1409 953; x_wconf 76' lang='lat' dir='ltr'><strong>quaedam</strong></span> <span class='ocrx_word' id='word_1_71' title='bbox 1415 877 1596 952; x_wconf 91' lang='lat' dir='ltr'><strong>proludendo</strong></span> <span class='ocrx_word' id='word_1_72' title='bbox 1602 876 1752 950; x_wconf 88' lang='lat' dir='ltr'><strong>paululum</strong></span> 
     </span>
     <span class='ocr_line' id='line_1_7' title="bbox 88 938 1753 1042; baseline -0.003 -19"><span class='ocrx_word' id='word_1_73' title='bbox 88 938 232 1009; x_wconf 55' lang='lat' dir='ltr'><strong>“mmm</strong></span> <span class='ocrx_word' id='word_1_74' title='bbox 247 940 408 994; x_wconf 60' lang='lat' dir='ltr'>¹¹¹⁰¹¹¹⁰¹¹t⁰·</span> <span class='ocrx_word' id='word_1_75' title='bbox 948 963 1753 1042; x_wconf 74' lang='lat' dir='ltr'><strong>eloqui.congruum,utreor,buionostrovidebaturlegi·</strong></span> 
     </span>
     <span class='ocr_line' id='line_1_8' title="bbox 121 1052 1752 1118; baseline -0.004 -5"><span class='ocrx_word' id='word_1_76' title='bbox 121 1059 170 1114; x_wconf 74' lang='lat'><strong>43.</strong></span> <span class='ocrx_word' id='word_1_77' title='bbox 185 1059 313 1117; x_wconf 86' lang='lat' dir='ltr'><strong>Celebris</strong></span> <span class='ocrx_word' id='word_1_78' title='bbox 335 1064 434 1117; x_wconf 86' lang='lat' dir='ltr'><strong>nostro</strong></span> <span class='ocrx_word' id='word_1_79' title='bbox 450 1061 513 1118; x_wconf 93' lang='lat' dir='ltr'><strong>orbi</strong></span> <span class='ocrx_word' id='word_1_80' title='bbox 537 1061 669 1118; x_wconf 75' lang='lat' dir='ltr'><strong>illuxerat</strong></span> <span class='ocrx_word' id='word_1_81' title='bbox 690 1060 752 1116; x_wconf 88' lang='lat' dir='ltr'><strong>dies</strong></span> <span class='ocrx_word' id='word_1_82' title='bbox 776 1058 898 1116; x_wconf 73' lang='lat' dir='ltr'><strong>trenna·</strong></span> <span class='ocrx_word' id='word_1_83' title='bbox 948 1052 1752 1114; x_wconf 86' lang='lat' dir='ltr'><strong>feroiucommotioneclamentorumveuerabilissororis</strong></span> 
     </span>
     <span class='ocr_line' id='line_1_9' title="bbox 88 1141 1750 1224; baseline -0.002 -22"><span class='ocrx_word' id='word_1_84' title='bbox 88 1146 176 1204; x_wconf 89' lang='lat' dir='ltr'><strong>tionis</strong></span> <span class='ocrx_word' id='word_1_85' title='bbox 190 1148 396 1221; x_wconf 88' lang='lat' dir='ltr'><strong>ipsinssummi</strong></span> <span class='ocrx_word' id='word_1_86' title='bbox 409 1149 590 1220; x_wconf 89' lang='lat' dir='ltr'><strong>confessoris,</strong></span> <span class='ocrx_word' id='word_1_87' title='bbox 605 1167 668 1224; x_wconf 74' lang='lat' dir='ltr'><strong>quae</strong></span> <span class='ocrx_word' id='word_1_88' title='bbox 679 1149 781 1224; x_wconf 89' lang='lat' dir='ltr'><strong>quinto</strong></span> <span class='ocrx_word' id='word_1_89' title='bbox 794 1149 897 1206; x_wconf 87' lang='lat' dir='ltr'>Iduum</span> <span class='ocrx_word' id='word_1_90' title='bbox 948 1161 1007 1201; x_wconf 77' lang='lat' dir='ltr'><strong>suaa</strong></span> <span class='ocrx_word' id='word_1_91' title='bbox 1021 1145 1159 1203; x_wconf 89' lang='lat' dir='ltr'><strong>adbibere</strong></span> <span class='ocrx_word' id='word_1_92' title='bbox 1169 1145 1315 1214; x_wconf 87' lang='lat' dir='ltr'><strong>solatium,</strong></span> <span class='ocrx_word' id='word_1_93' title='bbox 1324 1161 1412 1219; x_wconf 86' lang='lat' dir='ltr'><strong>qnam</strong></span> <span class='ocrx_word' id='word_1_94' title='bbox 1419 1144 1594 1202; x_wconf 87' lang='lat' dir='ltr'><strong>meminerat</strong></span> <span class='ocrx_word' id='word_1_95' title='bbox 1600 1141 1750 1214; x_wconf 80' lang='lat' dir='ltr'><strong>adsereti-</strong></span> 
     </span>
     <span class='ocr_line' id='line_1_10' title="bbox 86 1230 1751 1314; baseline -0.002 -25"><span class='ocrx_word' id='word_1_96' title='bbox 86 1235 230 1293; x_wconf 84' lang='lat' dir='ltr'><strong>luliarum</strong></span> <span class='ocrx_word' id='word_1_97' title='bbox 253 1254 384 1294; x_wconf 88' lang='lat' dir='ltr'><strong>annuum</strong></span> <span class='ocrx_word' id='word_1_98' title='bbox 409 1239 491 1295; x_wconf 92' lang='lat' dir='ltr'><strong>uobis</strong></span> <span class='ocrx_word' id='word_1_99' title='bbox 513 1242 721 1314; x_wconf 63' lang='lat' dir='ltr'><strong>representare</strong></span> <span class='ocrx_word' id='word_1_100' title='bbox 750 1237 899 1294; x_wconf 90' lang='lat' dir='ltr'><strong>consucvit</strong></span> <span class='ocrx_word' id='word_1_101' title='bbox 948 1230 1751 1309; x_wconf 87' lang='lat' dir='ltr'><strong>neudumtempestatnmopposuisseobstaculum.Unde</strong></span> 
     </span>
     <span class='ocr_line' id='line_1_11' title="bbox 87 1317 1751 1401; baseline -0.004 -22"><span class='ocrx_word' id='word_1_102' title='bbox 87 1324 316 1400; x_wconf 74' lang='lat' dir='ltr'>delectabileque</span> <span class='ocrx_word' id='word_1_103' title='bbox 325 1327 443 1384; x_wconf 85' lang='lat' dir='ltr'><strong>festum.</strong></span> <span class='ocrx_word' id='word_1_104' title='bbox 455 1327 585 1401; x_wconf 79' lang='lat' dir='ltr'><strong>Cumque</strong></span> <span class='ocrx_word' id='word_1_105' title='bbox 593 1330 654 1384; x_wconf 86' lang='lat' dir='ltr'><strong>tota</strong></span> <span class='ocrx_word' id='word_1_106' title='bbox 663 1327 826 1400; x_wconf 89' lang='lat' dir='ltr'><strong>vigiliarum</strong></span> <span class='ocrx_word' id='word_1_107' title='bbox 841 1343 899 1383; x_wconf 90' lang='lat' dir='ltr'><strong>uox</strong></span> <span class='ocrx_word' id='word_1_108' title='bbox 948 1339 1007 1380; x_wconf 91' lang='lat' dir='ltr'><strong>non</strong></span> <span class='ocrx_word' id='word_1_109' title='bbox 1022 1322 1193 1397; x_wconf 80' lang='lat' dir='ltr'><strong>incongrue,</strong></span> <span class='ocrx_word' id='word_1_110' title='bbox 1208 1323 1291 1380; x_wconf 77' lang='lat' dir='ltr'><strong>aereis</strong></span> <span class='ocrx_word' id='word_1_111' title='bbox 1305 1322 1495 1396; x_wconf 73' lang='lat' dir='ltr'><strong>potestatibus</strong></span> <span class='ocrx_word' id='word_1_112' title='bbox 1508 1337 1541 1377; x_wconf 95' lang='lat' dir='ltr'><strong>co</strong></span> <span class='ocrx_word' id='word_1_113' title='bbox 1548 1318 1685 1392; x_wconf 86' lang='lat' dir='ltr'><strong>mplacita</strong></span> <span class='ocrx_word' id='word_1_114' title='bbox 1697 1317 1751 1375; x_wconf 87' lang='lat' dir='ltr'><strong>sihi</strong></span> 
     </span>
     <span class='ocr_line' id='line_1_12' title="bbox 86 1411 1752 1488; baseline -0.004 -20"><span class='ocrx_word' id='word_1_115' title='bbox 86 1415 356 1488; x_wconf 84' lang='lat' dir='ltr'><strong>comsubsequente</strong></span> <span class='ocrx_word' id='word_1_116' title='bbox 365 1416 446 1472; x_wconf 92' lang='lat' dir='ltr'><strong>diein</strong></span> <span class='ocrx_word' id='word_1_117' title='bbox 453 1417 585 1473; x_wconf 90' lang='lat' dir='ltr'><strong>laudibus</strong></span> <span class='ocrx_word' id='word_1_118' title='bbox 594 1419 653 1473; x_wconf 86' lang='lat' dir='ltr'><strong>ileo</strong></span> <span class='ocrx_word' id='word_1_119' title='bbox 661 1415 763 1472; x_wconf 90' lang='lat' dir='ltr'><strong>debitis</strong></span> <span class='ocrx_word' id='word_1_120' title='bbox 771 1430 898 1488; x_wconf 59' lang='lat' dir='ltr'><strong>suumne</strong></span> <span class='ocrx_word' id='word_1_121' title='bbox 948 1411 1012 1468; x_wconf 87' lang='lat' dir='ltr'><strong>loca</strong></span> <span class='ocrx_word' id='word_1_122' title='bbox 1026 1415 1155 1469; x_wconf 87' lang='lat' dir='ltr'><strong>evertere</strong></span> <span class='ocrx_word' id='word_1_123' title='bbox 1170 1411 1358 1468; x_wconf 90' lang='lat' dir='ltr'><strong>molientibus</strong></span> <span class='ocrx_word' id='word_1_124' title='bbox 1367 1414 1483 1468; x_wconf 88' lang='lat' dir='ltr'><strong>strenue</strong></span> <span class='ocrx_word' id='word_1_125' title='bbox 1495 1411 1719 1481; x_wconf 82' lang='lat' dir='ltr'><strong>repugnaturus,</strong></span> <span class='ocrx_word' id='word_1_126' title='bbox 1735 1423 1752 1462; x_wconf 89' lang='lat' dir='ltr'><strong>a</strong></span> 
     </span>
     <span class='ocr_line' id='line_1_13' title="bbox 86 1495 1752 1577; baseline -0.005 -20"><span class='ocrx_word' id='word_1_127' title='bbox 86 1501 189 1558; x_wconf 85' lang='lat' dir='ltr'><strong>fuisset</strong></span> <span class='ocrx_word' id='word_1_128' title='bbox 204 1519 330 1577; x_wconf 85' lang='lat' dir='ltr'><strong>expense</strong></span> <span class='ocrx_word' id='word_1_129' title='bbox 352 1506 388 1560; x_wconf 95' lang='lat' dir='ltr'><strong>ob</strong></span> <span class='ocrx_word' id='word_1_130' title='bbox 409 1505 484 1562; x_wconf 88' lang='lat' dir='ltr'><strong>tanti</strong></span> <span class='ocrx_word' id='word_1_131' title='bbox 509 1505 695 1562; x_wconf 87' lang='lat' dir='ltr'><strong>devotionem</strong></span> <span class='ocrx_word' id='word_1_132' title='bbox 716 1503 818 1572; x_wconf 88' lang='lat' dir='ltr'><strong>Patris,</strong></span> <span class='ocrx_word' id='word_1_133' title='bbox 833 1507 900 1577; x_wconf 89' lang='lat' dir='ltr'><strong>post</strong></span> <span class='ocrx_word' id='word_1_134' title='bbox 948 1500 1006 1557; x_wconf 84' lang='lat' dir='ltr'><strong>suis</strong></span> <span class='ocrx_word' id='word_1_135' title='bbox 1026 1500 1142 1558; x_wconf 86' lang='lat' dir='ltr'><strong>famulis</strong></span> <span class='ocrx_word' id='word_1_136' title='bbox 1158 1501 1293 1558; x_wconf 87' lang='lat' dir='ltr'><strong>eamdem</strong></span> <span class='ocrx_word' id='word_1_137' title='bbox 1316 1517 1447 1558; x_wconf 89' lang='lat' dir='ltr'><strong>sororem</strong></span> <span class='ocrx_word' id='word_1_138' title='bbox 1462 1515 1544 1556; x_wconf 84' lang='lat' dir='ltr'><strong>suam</strong></span> <span class='ocrx_word' id='word_1_139' title='bbox 1560 1512 1658 1553; x_wconf 88' lang='lat' dir='ltr'><strong>secum</strong></span> <span class='ocrx_word' id='word_1_140' title='bbox 1674 1495 1752 1550; x_wconf 92' lang='lat' dir='ltr'><strong>invo-</strong></span> 
     </span>
     <span class='ocr_line' id='line_1_14' title="bbox 87 1583 1751 1666; baseline -0.004 -22"><span class='ocrx_word' id='word_1_141' title='bbox 87 1589 220 1646; x_wconf 87' lang='lat' dir='ltr'><strong>debitam</strong></span> <span class='ocrx_word' id='word_1_142' title='bbox 229 1592 419 1649; x_wconf 88' lang='lat' dir='ltr'><strong>refectionem</strong></span> <span class='ocrx_word' id='word_1_143' title='bbox 428 1593 675 1666; x_wconf 85' lang='lat' dir='ltr'><strong>vespertinaleque</strong></span> <span class='ocrx_word' id='word_1_144' title='bbox 685 1592 899 1661; x_wconf 86' lang='lat' dir='ltr'><strong>officium,hora</strong></span> <span class='ocrx_word' id='word_1_145' title='bbox 949 1588 1007 1646; x_wconf 90' lang='lat' dir='ltr'><strong>cari</strong></span> <span class='ocrx_word' id='word_1_146' title='bbox 1022 1590 1125 1660; x_wconf 91' lang='lat' dir='ltr'><strong>voluit,</strong></span> <span class='ocrx_word' id='word_1_147' title='bbox 1139 1589 1218 1662; x_wconf 84' lang='lat' dir='ltr'><strong>cujus</strong></span> <span class='ocrx_word' id='word_1_148' title='bbox 1237 1606 1337 1664; x_wconf 89' lang='lat' dir='ltr'><strong>preces</strong></span> <span class='ocrx_word' id='word_1_149' title='bbox 1351 1589 1387 1645; x_wconf 90' lang='lat' dir='ltr'><strong>ab</strong></span> <span class='ocrx_word' id='word_1_150' title='bbox 1405 1585 1607 1646; x_wconf 88' lang='lat' dir='ltr'><strong>obtinendasa</strong></span> <span class='ocrx_word' id='word_1_151' title='bbox 1627 1583 1751 1641; x_wconf 86' lang='lat' dir='ltr'><strong>Domino</strong></span> 
     </span>
     <span class='ocr_line' id='line_1_15' title="bbox 87 1674 1691 1753; baseline -0.001 -20"><span class='ocrx_word' id='word_1_152' title='bbox 87 1677 193 1748; x_wconf 80' lang='lat' dir='ltr'><strong>quietis</strong></span> <span class='ocrx_word' id='word_1_153' title='bbox 211 1679 338 1750; x_wconf 89' lang='lat' dir='ltr'><strong>advenit,</strong></span> <span class='ocrx_word' id='word_1_154' title='bbox 350 1685 379 1736; x_wconf 91' lang='lat' dir='ltr'><strong>et</strong></span> <span class='ocrx_word' id='word_1_155' title='bbox 391 1680 573 1753; x_wconf 89' lang='lat' dir='ltr'><strong>cupientibus</strong></span> <span class='ocrx_word' id='word_1_156' title='bbox 588 1681 671 1738; x_wconf 91' lang='lat' dir='ltr'><strong>nobis</strong></span> <span class='ocrx_word' id='word_1_157' title='bbox 683 1682 780 1737; x_wconf 91' lang='lat' dir='ltr'><strong>oculos</strong></span> <span class='ocrx_word' id='word_1_158' title='bbox 794 1679 898 1734; x_wconf 89' lang='lat' dir='ltr'><strong>diurno</strong></span> <span class='ocrx_word' id='word_1_159' title='bbox 948 1677 1085 1734; x_wconf 88' lang='lat' dir='ltr'><strong>imbrium</strong></span> <span class='ocrx_word' id='word_1_160' title='bbox 1101 1678 1283 1752; x_wconf 74' lang='lat' dir='ltr'><strong>profusiones</strong></span> <span class='ocrx_word' id='word_1_161' title='bbox 1299 1677 1475 1752; x_wconf 87' lang='lat' dir='ltr'><strong>agnoscebat</strong></span> <span class='ocrx_word' id='word_1_162' title='bbox 1483 1677 1546 1734; x_wconf 90' lang='lat' dir='ltr'><strong>fore</strong></span> <span class='ocrx_word' id='word_1_163' title='bbox 1561 1674 1691 1732; x_wconf 89' lang='lat' dir='ltr'><strong>idoneas.</strong></span> 
     </span>
     <span class='ocr_line' id='line_1_16' title="bbox 86 1763 1443 1864; baseline 0.001 -44"><span class='ocrx_word' id='word_1_164' title='bbox 86 1763 177 1822; x_wconf 90' lang='lat' dir='ltr'><strong>furari</strong></span> <span class='ocrx_word' id='word_1_165' title='bbox 186 1766 292 1836; x_wconf 90' lang='lat' dir='ltr'><strong>labori,</strong></span> <span class='ocrx_word' id='word_1_166' title='bbox 299 1783 429 1826; x_wconf 78' lang='lat' dir='ltr'><strong>erroneae</strong></span> <span class='ocrx_word' id='word_1_167' title='bbox 438 1769 767 1844; x_wconf 88' lang='lat' dir='ltr'><strong>autiquihostisadluere</strong></span> <span class='ocrx_word' id='word_1_168' title='bbox 775 1767 897 1834; x_wconf 77' lang='lat' dir='ltr'><strong>insidiae,</strong></span> <span class='ocrx_word' id='word_1_169' title='bbox 910 1801 937 1864; x_wconf 71' lang='lat' dir='ltr'>B</span> <span class='ocrx_word' id='word_1_170' title='bbox 1261 1785 1373 1841; x_wconf 65' lang='lat' dir='ltr'><strong>gppppp</strong></span> <span class='ocrx_word' id='word_1_171' title='bbox 1391 1785 1443 1853; x_wconf 56' lang='lat' dir='ltr'><strong>xp,</strong></span> 
     </span>
     <span class='ocr_line' id='line_1_17' title="bbox 86 1855 1487 1933; baseline 0.001 -23"><span class='ocrx_word' id='word_1_172' title='bbox 86 1855 222 1929; x_wconf 87' lang='lat' dir='ltr'><strong>Namque</strong></span> <span class='ocrx_word' id='word_1_173' title='bbox 246 1856 306 1928; x_wconf 85' lang='lat' dir='ltr'><strong>ejus</strong></span> <span class='ocrx_word' id='word_1_174' title='bbox 328 1857 464 1914; x_wconf 89' lang='lat' dir='ltr'><strong>instinctu</strong></span> <span class='ocrx_word' id='word_1_175' title='bbox 487 1859 605 1932; x_wconf 90' lang='lat' dir='ltr'><strong>qnidam</strong></span> <span class='ocrx_word' id='word_1_176' title='bbox 628 1873 769 1933; x_wconf 74' lang='lat' dir='ltr'><strong>perversae</strong></span> <span class='ocrx_word' id='word_1_177' title='bbox 793 1855 899 1914; x_wconf 88' lang='lat' dir='ltr'><strong>mentis</strong></span> <span class='ocrx_word' id='word_1_178' title='bbox 1200 1855 1349 1914; x_wconf 79' lang='lat' dir='ltr'><strong>Contracta</strong></span> <span class='ocrx_word' id='word_1_179' title='bbox 1363 1858 1487 1926; x_wconf 73' lang='lat' dir='ltr'><strong>eripitur.</strong></span> 
     </span>
     <span class='ocr_line' id='line_1_18' title="bbox 84 1941 1752 2023; baseline -0.001 -24"><span class='ocrx_word' id='word_1_180' title='bbox 84 1945 235 2016; x_wconf 89' lang='lat' dir='ltr'><strong>homines,</strong></span> <span class='ocrx_word' id='word_1_181' title='bbox 251 1946 453 2017; x_wconf 89' lang='lat' dir='ltr'><strong>latrocinandi,</strong></span> <span class='ocrx_word' id='word_1_182' title='bbox 465 1952 497 2005; x_wconf 92' lang='lat' dir='ltr'><strong>ut</strong></span> <span class='ocrx_word' id='word_1_183' title='bbox 511 1949 629 2023; x_wconf 87' lang='lat' dir='ltr'><strong>quidam</strong></span> <span class='ocrx_word' id='word_1_184' title='bbox 639 1949 780 2018; x_wconf 80' lang='lat' dir='ltr'><strong>referunt,</strong></span> <span class='ocrx_word' id='word_1_185' title='bbox 789 1945 899 2020; x_wconf 92' lang='lat' dir='ltr'><strong>cupidi·</strong></span> <span class='ocrx_word' id='word_1_186' title='bbox 985 1947 1030 2002; x_wconf 74' lang='lat' dir='ltr'><strong>et.</strong></span> <span class='ocrx_word' id='word_1_187' title='bbox 1041 1947 1170 2003; x_wconf 89' lang='lat' dir='ltr'><strong>Puellam</strong></span> <span class='ocrx_word' id='word_1_188' title='bbox 1177 1943 1486 2019; x_wconf 87' lang='lat' dir='ltr'><strong>quamdamnobilibus</strong></span> <span class='ocrx_word' id='word_1_189' title='bbox 1493 1948 1587 2000; x_wconf 88' lang='lat' dir='ltr'><strong>ortam</strong></span> <span class='ocrx_word' id='word_1_190' title='bbox 1595 1941 1752 2017; x_wconf 87' lang='lat' dir='ltr'><strong>antiquitus</strong></span> 
     </span>
     <span class='ocr_line' id='line_1_19' title="bbox 85 2031 1753 2111; baseline -0.001 -23"><span class='ocrx_word' id='word_1_191' title='bbox 85 2034 270 2108; x_wconf 88' lang='lat' dir='ltr'><strong>tete,iguam</strong></span> <span class='ocrx_word' id='word_1_192' title='bbox 283 2034 445 2094; x_wconf 73' lang='lat' dir='ltr'><strong>forensibus</strong></span> <span class='ocrx_word' id='word_1_193' title='bbox 456 2037 620 2111; x_wconf 85' lang='lat' dir='ltr'><strong>imposuere</strong></span> <span class='ocrx_word' id='word_1_194' title='bbox 633 2038 767 2095; x_wconf 89' lang='lat' dir='ltr'><strong>domibus</strong></span> <span class='ocrx_word' id='word_1_195' title='bbox 777 2055 785 2108; x_wconf 90' lang='lat'>;</span> <span class='ocrx_word' id='word_1_196' title='bbox 794 2039 900 2092; x_wconf 83' lang='lat' dir='ltr'><strong>utvero</strong></span> <span class='ocrx_word' id='word_1_197' title='bbox 949 2033 1037 2091; x_wconf 91' lang='lat' dir='ltr'><strong>fuisse</strong></span> <span class='ocrx_word' id='word_1_198' title='bbox 1052 2035 1206 2105; x_wconf 86' lang='lat' dir='ltr'><strong>natalibus,</strong></span> <span class='ocrx_word' id='word_1_199' title='bbox 1219 2034 1339 2091; x_wconf 91' lang='lat' dir='ltr'><strong>nomine</strong></span> <span class='ocrx_word' id='word_1_200' title='bbox 1351 2033 1534 2102; x_wconf 67' lang='lat' dir='ltr'><strong>adelaidem,</strong></span> <span class='ocrx_word' id='word_1_201' title='bbox 1546 2047 1638 2104; x_wconf 84' lang='lat' dir='ltr'><strong>nuper</strong></span> <span class='ocrx_word' id='word_1_202' title='bbox 1654 2031 1753 2088; x_wconf 93' lang='lat' dir='ltr'><strong>didici-</strong></span> 
     </span>
     <span class='ocr_line' id='line_1_20' title="bbox 86 2121 1752 2201; baseline 0 -25"><span class='ocrx_word' id='word_1_203' title='bbox 86 2121 134 2176; x_wconf 78' lang='lat' dir='ltr'><strong>alii</strong></span> <span class='ocrx_word' id='word_1_204' title='bbox 149 2123 292 2194; x_wconf 88' lang='lat' dir='ltr'><strong>fatentur,</strong></span> <span class='ocrx_word' id='word_1_205' title='bbox 306 2125 426 2182; x_wconf 88' lang='lat' dir='ltr'><strong>casualis</strong></span> <span class='ocrx_word' id='word_1_206' title='bbox 440 2125 548 2182; x_wconf 89' lang='lat' dir='ltr'><strong>eisdem</strong></span> <span class='ocrx_word' id='word_1_207' title='bbox 563 2127 672 2184; x_wconf 76' lang='lat' dir='ltr'><strong>edibus</strong></span> <span class='ocrx_word' id='word_1_208' title='bbox 686 2125 802 2201; x_wconf 87' lang='lat' dir='ltr'><strong>irrepsit</strong></span> <span class='ocrx_word' id='word_1_209' title='bbox 814 2124 899 2198; x_wconf 89' lang='lat' dir='ltr'><strong>ignis.</strong></span> <span class='ocrx_word' id='word_1_210' title='bbox 951 2142 1016 2182; x_wconf 88' lang='lat' dir='ltr'><strong>mus</strong></span> <span class='ocrx_word' id='word_1_211' title='bbox 1025 2126 1155 2182; x_wconf 91' lang='lat' dir='ltr'><strong>cruribus</strong></span> <span class='ocrx_word' id='word_1_212' title='bbox 1166 2127 1355 2182; x_wconf 88' lang='lat' dir='ltr'><strong>contractam.</strong></span> <span class='ocrx_word' id='word_1_213' title='bbox 1367 2124 1460 2189; x_wconf 81' lang='lat' dir='ltr'><strong>Quam</strong></span> <span class='ocrx_word' id='word_1_214' title='bbox 1469 2122 1539 2178; x_wconf 89' lang='lat' dir='ltr'><strong>dum</strong></span> <span class='ocrx_word' id='word_1_215' title='bbox 1554 2125 1636 2196; x_wconf 87' lang='lat' dir='ltr'><strong>pater</strong></span> <span class='ocrx_word' id='word_1_216' title='bbox 1649 2121 1752 2192; x_wconf 80' lang='lat' dir='ltr'><strong>ejusne</strong></span> 
     </span>
     <span class='ocr_line' id='line_1_21' title="bbox 85 2208 1751 2292; baseline 0 -26"><span class='ocrx_word' id='word_1_217' title='bbox 85 2208 303 2282; x_wconf 75' lang='lat' dir='ltr'><strong>(tuederamo,</strong></span> <span class='ocrx_word' id='word_1_218' title='bbox 315 2215 436 2272; x_wconf 87' lang='lat' dir='ltr'><strong>excitato</strong></span> <span class='ocrx_word' id='word_1_219' title='bbox 444 2217 570 2272; x_wconf 88' lang='lat' dir='ltr'><strong>tumultu</strong></span> <span class='ocrx_word' id='word_1_220' title='bbox 581 2217 684 2272; x_wconf 84' lang='lat' dir='ltr'><strong>iratres</strong></span> <span class='ocrx_word' id='word_1_221' title='bbox 696 2211 898 2289; x_wconf 71' lang='lat' dir='ltr'><strong>expergefacti,</strong></span> <span class='ocrx_word' id='word_1_222' title='bbox 950 2216 1370 2292; x_wconf 79' lang='lat' dir='ltr'><strong>materpermultasauctornm</strong></span> <span class='ocrx_word' id='word_1_223' title='bbox 1383 2214 1445 2268; x_wconf 90' lang='lat' dir='ltr'><strong>loca</strong></span> <span class='ocrx_word' id='word_1_224' title='bbox 1455 2211 1601 2268; x_wconf 87' lang='lat' dir='ltr'><strong>duxissent</strong></span> <span class='ocrx_word' id='word_1_225' title='bbox 1609 2210 1649 2266; x_wconf 94' lang='lat' dir='ltr'><strong>nil</strong></span> <span class='ocrx_word' id='word_1_226' title='bbox 1657 2226 1751 2266; x_wconf 87' lang='lat' dir='ltr'><strong>reme·</strong></span> 
     </span>
     <span class='ocr_line' id='line_1_22' title="bbox 85 2299 1754 2377; baseline 0 -23"><span class='ocrx_word' id='word_1_227' title='bbox 85 2299 123 2355; x_wconf 84' lang='lat' dir='ltr'><strong>ad</strong></span> <span class='ocrx_word' id='word_1_228' title='bbox 135 2301 362 2374; x_wconf 81' lang='lat' dir='ltr'><strong>exstinguendas</strong></span> <span class='ocrx_word' id='word_1_229' title='bbox 376 2319 494 2360; x_wconf 82' lang='lat' dir='ltr'><strong>voraces</strong></span> <span class='ocrx_word' id='word_1_230' title='bbox 506 2304 634 2360; x_wconf 90' lang='lat' dir='ltr'><strong>incendii</strong></span> <span class='ocrx_word' id='word_1_231' title='bbox 646 2305 781 2360; x_wconf 87' lang='lat' dir='ltr'><strong>flammas</strong></span> <span class='ocrx_word' id='word_1_232' title='bbox 793 2320 898 2377; x_wconf 91' lang='lat' dir='ltr'><strong>prope·</strong></span> <span class='ocrx_word' id='word_1_233' title='bbox 950 2303 990 2362; x_wconf 86' lang='lat' dir='ltr'><strong>dii</strong></span> <span class='ocrx_word' id='word_1_234' title='bbox 1004 2305 1031 2362; x_wconf 90' lang='lat' dir='ltr'><strong>ei</strong></span> <span class='ocrx_word' id='word_1_235' title='bbox 1045 2303 1150 2362; x_wconf 87' lang='lat' dir='ltr'><strong>sanctis</strong></span> <span class='ocrx_word' id='word_1_236' title='bbox 1159 2303 1491 2376; x_wconf 89' lang='lat' dir='ltr'><strong>impetrarepotueruut.</strong></span> <span class='ocrx_word' id='word_1_237' title='bbox 1503 2300 1535 2370; x_wconf 92' lang='lat' dir='ltr'><strong>li,</strong></span> <span class='ocrx_word' id='word_1_238' title='bbox 1547 2300 1698 2371; x_wconf 89' lang='lat' dir='ltr'><strong>desperata</strong></span> <span class='ocrx_word' id='word_1_239' title='bbox 1707 2315 1754 2354; x_wconf 89' lang='lat' dir='ltr'><strong>sa-</strong></span> 
     </span>
     <span class='ocr_line' id='line_1_23' title="bbox 83 2387 1752 2468; baseline -0.002 -23"><span class='ocrx_word' id='word_1_240' title='bbox 83 2393 201 2459; x_wconf 88' lang='lat' dir='ltr'><strong>rarunt,</strong></span> <span class='ocrx_word' id='word_1_241' title='bbox 211 2389 409 2465; x_wconf 86' lang='lat' dir='ltr'><strong>subductoque</strong></span> <span class='ocrx_word' id='word_1_242' title='bbox 418 2392 557 2466; x_wconf 86' lang='lat' dir='ltr'><strong>primurn,</strong></span> <span class='ocrx_word' id='word_1_243' title='bbox 571 2410 686 2468; x_wconf 89' lang='lat' dir='ltr'><strong>quaqua</strong></span> <span class='ocrx_word' id='word_1_244' title='bbox 697 2392 897 2466; x_wconf 84' lang='lat' dir='ltr'><strong>opportunitas</strong></span> <span class='ocrx_word' id='word_1_245' title='bbox 948 2395 1062 2464; x_wconf 86' lang='lat' dir='ltr'><strong>lnte,ad</strong></span> <span class='ocrx_word' id='word_1_246' title='bbox 1074 2393 1193 2450; x_wconf 90' lang='lat' dir='ltr'><strong>domum</strong></span> <span class='ocrx_word' id='word_1_247' title='bbox 1210 2409 1276 2449; x_wconf 89' lang='lat' dir='ltr'><strong>eam</strong></span> <span class='ocrx_word' id='word_1_248' title='bbox 1288 2388 1633 2460; x_wconf 87' lang='lat' dir='ltr'><strong>reducentes,manebaut</strong></span> <span class='ocrx_word' id='word_1_249' title='bbox 1646 2387 1752 2455; x_wconf 85' lang='lat' dir='ltr'><strong>tristes,</strong></span> 
     </span>
     <span class='ocr_line' id='line_1_24' title="bbox 84 2476 1754 2558; baseline -0.002 -23"><span class='ocrx_word' id='word_1_250' title='bbox 84 2494 146 2535; x_wconf 87' lang='lat' dir='ltr'><strong>sese</strong></span> <span class='ocrx_word' id='word_1_251' title='bbox 160 2479 278 2548; x_wconf 89' lang='lat' dir='ltr'><strong>obtulit,</strong></span> <span class='ocrx_word' id='word_1_252' title='bbox 295 2480 376 2536; x_wconf 90' lang='lat' dir='ltr'><strong>omni</strong></span> <span class='ocrx_word' id='word_1_253' title='bbox 389 2485 493 2538; x_wconf 89' lang='lat' dir='ltr'><strong>ornatu</strong></span> <span class='ocrx_word' id='word_1_254' title='bbox 507 2481 642 2552; x_wconf 75' lang='lat' dir='ltr'><strong>basilicae,</strong></span> <span class='ocrx_word' id='word_1_255' title='bbox 656 2481 777 2556; x_wconf 90' lang='lat' dir='ltr'><strong>quinon</strong></span> <span class='ocrx_word' id='word_1_256' title='bbox 788 2483 895 2553; x_wconf 89' lang='lat' dir='ltr'><strong>minor,</strong></span> <span class='ocrx_word' id='word_1_257' title='bbox 947 2483 1017 2558; x_wconf 89' lang='lat' dir='ltr'><strong>quid</strong></span> <span class='ocrx_word' id='word_1_258' title='bbox 1028 2483 1063 2540; x_wconf 92' lang='lat' dir='ltr'><strong>de</strong></span> <span class='ocrx_word' id='word_1_259' title='bbox 1072 2480 1492 2556; x_wconf 89' lang='lat' dir='ltr'><strong>eaagerentignorantes.Nam</strong></span> <span class='ocrx_word' id='word_1_260' title='bbox 1498 2476 1754 2547; x_wconf 73' lang='lat' dir='ltr'><strong>Parisiustblleam</strong></span> 
     </span>
     <span class='ocr_line' id='line_1_25' title="bbox 82 2564 1754 2646; baseline -0.001 -24"><span class='ocrx_word' id='word_1_261' title='bbox 82 2567 145 2624; x_wconf 92' lang='lat' dir='ltr'><strong>imo</strong></span> <span class='ocrx_word' id='word_1_262' title='bbox 160 2583 216 2639; x_wconf 88' lang='lat' dir='ltr'><strong>per</strong></span> <span class='ocrx_word' id='word_1_263' title='bbox 231 2568 330 2624; x_wconf 88' lang='lat' dir='ltr'><strong>omnia</strong></span> <span class='ocrx_word' id='word_1_264' title='bbox 344 2570 439 2642; x_wconf 88' lang='lat' dir='ltr'><strong>major</strong></span> <span class='ocrx_word' id='word_1_265' title='bbox 449 2587 536 2644; x_wconf 87' lang='lat' dir='ltr'><strong>quam</strong></span> <span class='ocrx_word' id='word_1_266' title='bbox 547 2571 576 2627; x_wconf 91' lang='lat' dir='ltr'><strong>in</strong></span> <span class='ocrx_word' id='word_1_267' title='bbox 592 2571 682 2644; x_wconf 90' lang='lat' dir='ltr'><strong>priori</strong></span> <span class='ocrx_word' id='word_1_268' title='bbox 690 2571 836 2641; x_wconf 91' lang='lat' dir='ltr'><strong>incendio,</strong></span> <span class='ocrx_word' id='word_1_269' title='bbox 846 2572 895 2628; x_wconf 92' lang='lat' dir='ltr'><strong>in·</strong></span> <span class='ocrx_word' id='word_1_270' title='bbox 946 2564 1754 2646; x_wconf 78' lang='lat' dir='ltr'><strong>adS.Dionysiisepulcrum,atqnel.emovicasaddornini</strong></span> 
     </span>
     <span class='ocr_line' id='line_1_26' title="bbox 81 2655 1753 2734; baseline -0.001 -23"><span class='ocrx_word' id='word_1_271' title='bbox 81 2656 197 2712; x_wconf 89' lang='lat' dir='ltr'><strong>teriora</strong></span> <span class='ocrx_word' id='word_1_272' title='bbox 222 2658 324 2730; x_wconf 91' lang='lat' dir='ltr'><strong>templi</strong></span> <span class='ocrx_word' id='word_1_273' title='bbox 344 2659 534 2730; x_wconf 81' lang='lat' dir='ltr'><strong>venustabat3</strong></span> <span class='ocrx_word' id='word_1_274' title='bbox 558 2661 596 2717; x_wconf 91' lang='lat' dir='ltr'><strong>ad</strong></span> <span class='ocrx_word' id='word_1_275' title='bbox 613 2661 677 2732; x_wconf 80' lang='lat' dir='ltr'><strong>jam</strong></span> <span class='ocrx_word' id='word_1_276' title='bbox 695 2661 803 2718; x_wconf 90' lang='lat' dir='ltr'><strong>dictum</strong></span> <span class='ocrx_word' id='word_1_277' title='bbox 824 2677 895 2734; x_wconf 89' lang='lat' dir='ltr'><strong>opus</strong></span> <span class='ocrx_word' id='word_1_278' title='bbox 944 2662 1079 2720; x_wconf 77' lang='lat' dir='ltr'><strong>Martialis</strong></span> <span class='ocrx_word' id='word_1_279' title='bbox 1094 2661 1237 2728; x_wconf 89' lang='lat' dir='ltr'><strong>tumbam,</strong></span> <span class='ocrx_word' id='word_1_280' title='bbox 1254 2660 1304 2733; x_wconf 88' lang='lat' dir='ltr'><strong>qui</strong></span> <span class='ocrx_word' id='word_1_281' title='bbox 1319 2658 1407 2716; x_wconf 91' lang='lat' dir='ltr'><strong>ambo</strong></span> <span class='ocrx_word' id='word_1_282' title='bbox 1421 2661 1491 2714; x_wconf 91' lang='lat' dir='ltr'><strong>tunc</strong></span> <span class='ocrx_word' id='word_1_283' title='bbox 1505 2655 1652 2713; x_wconf 90' lang='lat' dir='ltr'><strong>miraculis</strong></span> <span class='ocrx_word' id='word_1_284' title='bbox 1669 2671 1753 2711; x_wconf 91' lang='lat' dir='ltr'><strong>coru·</strong></span> 
     </span>
     <span class='ocr_line' id='line_1_27' title="bbox 81 2743 1752 2822; baseline -0.001 -22"><span class='ocrx_word' id='word_1_285' title='bbox 81 2745 244 2801; x_wconf 86' lang='lat' dir='ltr'><strong>unanimes</strong></span> <span class='ocrx_word' id='word_1_286' title='bbox 263 2749 434 2817; x_wconf 73' lang='lat' dir='ltr'><strong>vertuntur,</strong></span> <span class='ocrx_word' id='word_1_287' title='bbox 455 2749 505 2806; x_wconf 89' lang='lat' dir='ltr'><strong>sed</strong></span> <span class='ocrx_word' id='word_1_288' title='bbox 525 2749 641 2806; x_wconf 90' lang='lat' dir='ltr'><strong>illorum</strong></span> <span class='ocrx_word' id='word_1_289' title='bbox 656 2750 738 2807; x_wconf 89' lang='lat' dir='ltr'><strong>labor</strong></span> <span class='ocrx_word' id='word_1_290' title='bbox 752 2749 895 2806; x_wconf 89' lang='lat' dir='ltr'><strong>incassum</strong></span> <span class='ocrx_word' id='word_1_291' title='bbox 946 2751 1076 2815; x_wconf 71' lang='lat' dir='ltr'><strong>scobem,</strong></span> <span class='ocrx_word' id='word_1_292' title='bbox 1100 2749 1303 2822; x_wconf 84' lang='lat' dir='ltr'><strong>perducentes,</strong></span> <span class='ocrx_word' id='word_1_293' title='bbox 1324 2747 1395 2806; x_wconf 90' lang='lat' dir='ltr'><strong>nihil</strong></span> <span class='ocrx_word' id='word_1_294' title='bbox 1418 2745 1538 2805; x_wconf 92' lang='lat' dir='ltr'><strong>omnino</strong></span> <span class='ocrx_word' id='word_1_295' title='bbox 1556 2743 1752 2817; x_wconf 86' lang='lat' dir='ltr'><strong>profecerant.</strong></span> 
     </span>
     <span class='ocr_line' id='line_1_28' title="bbox 81 2831 1752 2912; baseline 0 -24"><span class='ocrx_word' id='word_1_296' title='bbox 81 2833 220 2890; x_wconf 83' lang='lat' dir='ltr'><strong>cedebat.</strong></span> <span class='ocrx_word' id='word_1_297' title='bbox 234 2836 266 2890; x_wconf 90' lang='lat' dir='ltr'><strong>ln</strong></span> <span class='ocrx_word' id='word_1_298' title='bbox 280 2835 430 2907; x_wconf 87' lang='lat' dir='ltr'><strong>superiora</strong></span> <span class='ocrx_word' id='word_1_299' title='bbox 450 2853 576 2911; x_wconf 88' lang='lat' dir='ltr'><strong>namque</strong></span> <span class='ocrx_word' id='word_1_300' title='bbox 595 2855 625 2894; x_wconf 90' lang='lat' dir='ltr'><strong>se</strong></span> <span class='ocrx_word' id='word_1_301' title='bbox 650 2855 788 2896; x_wconf 90' lang='lat' dir='ltr'><strong>aurarum</strong></span> <span class='ocrx_word' id='word_1_302' title='bbox 809 2839 897 2912; x_wconf 88' lang='lat' dir='ltr'><strong>epira·</strong></span> <span class='ocrx_word' id='word_1_303' title='bbox 948 2838 1220 2905; x_wconf 82' lang='lat' dir='ltr'><strong>Quiesoentiautem</strong></span> <span class='ocrx_word' id='word_1_304' title='bbox 1228 2831 1752 2908; x_wconf 82' lang='lat' dir='ltr'><strong>matriejusrorcoelitusadvenitquae</strong></span> 
     </span>
     <span class='ocr_line' id='line_1_29' title="bbox 81 2919 1751 3002; baseline -0.002 -24"><span class='ocrx_word' id='word_1_305' title='bbox 81 2922 167 2980; x_wconf 87' lang='lat' dir='ltr'><strong>mine</strong></span> <span class='ocrx_word' id='word_1_306' title='bbox 180 2924 257 2996; x_wconf 83' lang='lat' dir='ltr'><strong>iguis</strong></span> <span class='ocrx_word' id='word_1_307' title='bbox 273 2926 418 2996; x_wconf 85' lang='lat' dir='ltr'><strong>attollens,</strong></span> <span class='ocrx_word' id='word_1_308' title='bbox 429 2927 583 3000; x_wconf 84' lang='lat' dir='ltr'><strong>coquinam</strong></span> <span class='ocrx_word' id='word_1_309' title='bbox 589 2928 762 2986; x_wconf 71' lang='lat' dir='ltr'><strong>senodochii</strong></span> <span class='ocrx_word' id='word_1_310' title='bbox 777 2932 896 3002; x_wconf 88' lang='lat' dir='ltr'><strong>repente</strong></span> <span class='ocrx_word' id='word_1_311' title='bbox 949 2928 1058 2986; x_wconf 89' lang='lat' dir='ltr'><strong>diceret</strong></span> <span class='ocrx_word' id='word_1_312' title='bbox 1073 2945 1080 2984; x_wconf 72' lang='grc' dir='ltr'><strong><em>ι</em></strong></span> <span class='ocrx_word' id='word_1_313' title='bbox 1097 2927 1247 2995; x_wconf 81' lang='lat' dir='ltr'><strong>Quaenam,</strong></span> <span class='ocrx_word' id='word_1_314' title='bbox 1259 2925 1310 2990; x_wconf 90' lang='lat' dir='ltr'><strong>ait,</strong></span> <span class='ocrx_word' id='word_1_315' title='bbox 1325 2925 1474 2980; x_wconf 90' lang='lat' dir='ltr'><strong>dementia</strong></span> <span class='ocrx_word' id='word_1_316' title='bbox 1488 2940 1538 2980; x_wconf 88' lang='lat' dir='ltr'><strong>ros</strong></span> <span class='ocrx_word' id='word_1_317' title='bbox 1549 2924 1644 2977; x_wconf 88' lang='lat' dir='ltr'><strong>tantas</strong></span> <span class='ocrx_word' id='word_1_318' title='bbox 1658 2919 1688 2975; x_wconf 95' lang='lat' dir='ltr'><strong>iu</strong></span> <span class='ocrx_word' id='word_1_319' title='bbox 1703 2937 1751 2974; x_wconf 89' lang='lat' dir='ltr'><strong>va·</strong></span> 
     </span>
     <span class='ocr_line' id='line_1_30' title="bbox 82 3008 1752 3092; baseline -0.004 -22"><span class='ocrx_word' id='word_1_320' title='bbox 82 3013 319 3088; x_wconf 62' lang='lat' dir='ltr'><strong>corripuitque</strong></span> <span class='ocrx_word' id='word_1_321' title='bbox 340 3017 412 3072; x_wconf 79' lang='lat' dir='ltr'><strong>aute</strong></span> <span class='ocrx_word' id='word_1_322' title='bbox 437 3021 542 3074; x_wconf 76' lang='lat' dir='ltr'><strong>sanctae</strong></span> <span class='ocrx_word' id='word_1_323' title='bbox 562 3016 613 3074; x_wconf 87' lang='lat' dir='ltr'><strong>llei</strong></span> <span class='ocrx_word' id='word_1_324' title='bbox 636 3016 782 3092; x_wconf 81' lang='lat' dir='ltr'><strong>genitricis</strong></span> <span class='ocrx_word' id='word_1_325' title='bbox 803 3018 898 3075; x_wconf 81' lang='lat' dir='ltr'><strong>llarioe</strong></span> <span class='ocrx_word' id='word_1_326' title='bbox 949 3034 1019 3074; x_wconf 91' lang='lat' dir='ltr'><strong>num</strong></span> <span class='ocrx_word' id='word_1_327' title='bbox 1034 3016 1175 3091; x_wconf 87' lang='lat' dir='ltr'><strong>compulit</strong></span> <span class='ocrx_word' id='word_1_328' title='bbox 1190 3015 1312 3089; x_wconf 84' lang='lat' dir='ltr'><strong>perdere</strong></span> <span class='ocrx_word' id='word_1_329' title='bbox 1331 3029 1479 3088; x_wconf 81' lang='lat' dir='ltr'><strong>expensas,</strong></span> <span class='ocrx_word' id='word_1_330' title='bbox 1498 3016 1529 3067; x_wconf 91' lang='lat' dir='ltr'><strong>nt</strong></span> <span class='ocrx_word' id='word_1_331' title='bbox 1548 3012 1635 3082; x_wconf 88' lang='lat' dir='ltr'><strong>longe</strong></span> <span class='ocrx_word' id='word_1_332' title='bbox 1658 3008 1752 3083; x_wconf 87' lang='lat' dir='ltr'><strong>posita</strong></span> 
     </span>
     <span class='ocr_line' id='line_1_31' title="bbox 81 3083 1750 3180; baseline -0.002 -23"><span class='ocrx_word' id='word_1_333' title='bbox 81 3101 179 3158; x_wconf 85' lang='lat' dir='ltr'><strong>vicina</strong></span> <span class='ocrx_word' id='word_1_334' title='bbox 207 3106 282 3166; x_wconf 87' lang='lat' dir='ltr'><strong>erat,</strong></span> <span class='ocrx_word' id='word_1_335' title='bbox 304 3103 334 3160; x_wconf 92' lang='lat' dir='ltr'><strong>in</strong></span> <span class='ocrx_word' id='word_1_336' title='bbox 362 3121 420 3179; x_wconf 86' lang='lat' dir='ltr'><strong>qua</strong></span> <span class='ocrx_word' id='word_1_337' title='bbox 443 3106 585 3180; x_wconf 87' lang='lat' dir='ltr'><strong>pretiosus</strong></span> <span class='ocrx_word' id='word_1_338' title='bbox 609 3107 756 3164; x_wconf 87' lang='lat' dir='ltr'><strong>confessor</strong></span> <span class='ocrx_word' id='word_1_339' title='bbox 781 3107 897 3165; x_wconf 84' lang='lat' dir='ltr'><strong>Domini</strong></span> <span class='ocrx_word' id='word_1_340' title='bbox 912 3083 934 3142; x_wconf 75' lang='lat' dir='ltr'>C</span> <span class='ocrx_word' id='word_1_341' title='bbox 947 3110 1113 3163; x_wconf 86' lang='lat' dir='ltr'><strong>sanctorum</strong></span> <span class='ocrx_word' id='word_1_342' title='bbox 1142 3104 1259 3162; x_wconf 85' lang='lat' dir='ltr'><strong>adiretis</strong></span> <span class='ocrx_word' id='word_1_343' title='bbox 1277 3100 1447 3177; x_wconf 83' lang='lat' dir='ltr'><strong>patrocinis,</strong></span> <span class='ocrx_word' id='word_1_344' title='bbox 1464 3103 1557 3156; x_wconf 87' lang='lat' dir='ltr'><strong>vestro</strong></span> <span class='ocrx_word' id='word_1_345' title='bbox 1579 3098 1626 3154; x_wconf 93' lang='lat' dir='ltr'><strong>hic</strong></span> <span class='ocrx_word' id='word_1_346' title='bbox 1650 3097 1750 3154; x_wconf 89' lang='lat' dir='ltr'><strong>relicto</strong></span> 
     </span>
     <span class='ocr_line' id='line_1_32' title="bbox 82 3186 1749 3268; baseline -0.005 -21"><span class='ocrx_word' id='word_1_347' title='bbox 82 3191 261 3248; x_wconf 83' lang='lat' dir='ltr'><strong>Benedictus</strong></span> <span class='ocrx_word' id='word_1_348' title='bbox 280 3192 409 3266; x_wconf 87' lang='lat' dir='ltr'><strong>quiescit.</strong></span> <span class='ocrx_word' id='word_1_349' title='bbox 436 3195 509 3252; x_wconf 87' lang='lat' dir='ltr'><strong>Turn</strong></span> <span class='ocrx_word' id='word_1_350' title='bbox 531 3197 625 3252; x_wconf 91' lang='lat' dir='ltr'><strong>metus</strong></span> <span class='ocrx_word' id='word_1_351' title='bbox 646 3195 749 3268; x_wconf 90' lang='lat' dir='ltr'><strong>iugens</strong></span> <span class='ocrx_word' id='word_1_352' title='bbox 777 3201 896 3253; x_wconf 91' lang='lat' dir='ltr'><strong>cunctos</strong></span> <span class='ocrx_word' id='word_1_353' title='bbox 946 3195 1051 3265; x_wconf 87' lang='lat' dir='ltr'><strong>vicino,</strong></span> <span class='ocrx_word' id='word_1_354' title='bbox 1076 3193 1257 3251; x_wconf 90' lang='lat' dir='ltr'><strong>sanctissimo</strong></span> <span class='ocrx_word' id='word_1_355' title='bbox 1288 3191 1420 3248; x_wconf 88' lang='lat' dir='ltr'><strong>videlicet</strong></span> <span class='ocrx_word' id='word_1_356' title='bbox 1442 3187 1617 3261; x_wconf 88' lang='lat' dir='ltr'><strong>flaminique</strong></span> <span class='ocrx_word' id='word_1_357' title='bbox 1643 3186 1749 3242; x_wconf 89' lang='lat' dir='ltr'><strong>dilecto</strong></span> 
     </span>
     <span class='ocr_line' id='line_1_33' title="bbox 79 3272 1749 3355; baseline -0.004 -21"><span class='ocrx_word' id='word_1_358' title='bbox 79 3279 198 3349; x_wconf 89' lang='lat' dir='ltr'><strong>habuit,</strong></span> <span class='ocrx_word' id='word_1_359' title='bbox 223 3285 353 3339; x_wconf 86' lang='lat' dir='ltr'><strong>verentes</strong></span> <span class='ocrx_word' id='word_1_360' title='bbox 376 3283 437 3354; x_wconf 89' lang='lat' dir='ltr'><strong>ejus</strong></span> <span class='ocrx_word' id='word_1_361' title='bbox 464 3283 533 3340; x_wconf 84' lang='lat' dir='ltr'><strong>aedis</strong></span> <span class='ocrx_word' id='word_1_362' title='bbox 556 3285 705 3341; x_wconf 87' lang='lat' dir='ltr'><strong>occasione</strong></span> <span class='ocrx_word' id='word_1_363' title='bbox 731 3285 894 3342; x_wconf 87' lang='lat' dir='ltr'><strong>venerabile</strong></span> <span class='ocrx_word' id='word_1_364' title='bbox 946 3283 1206 3355; x_wconf 79' lang='lat' dir='ltr'><strong>Benedicto,qu&#39;ns</strong></span> <span class='ocrx_word' id='word_1_365' title='bbox 1227 3279 1420 3339; x_wconf 87' lang='lat' dir='ltr'><strong>sacratissima</strong></span> <span class='ocrx_word' id='word_1_366' title='bbox 1441 3293 1584 3350; x_wconf 86' lang='lat' dir='ltr'><strong>ossa,p1·o</strong></span> <span class='ocrx_word' id='word_1_367' title='bbox 1606 3272 1749 3346; x_wconf 76' lang='lat' dir='ltr'><strong>vostrafsi</strong></span> 
     </span>
     <span class='ocr_line' id='line_1_34' title="bbox 80 3362 1750 3448; baseline -0.003 -24"><span class='ocrx_word' id='word_1_368' title='bbox 80 3369 195 3425; x_wconf 87' lang='lat' dir='ltr'><strong>cunctis</strong></span> <span class='ocrx_word' id='word_1_369' title='bbox 207 3369 364 3427; x_wconf 91' lang='lat' dir='ltr'><strong>Dominum</strong></span> <span class='ocrx_word' id='word_1_370' title='bbox 375 3373 546 3430; x_wconf 87' lang='lat' dir='ltr'><strong>timentibus</strong></span> <span class='ocrx_word' id='word_1_371' title='bbox 554 3375 685 3430; x_wconf 84' lang='lat' dir='ltr'><strong>exustum</strong></span> <span class='ocrx_word' id='word_1_372' title='bbox 695 3373 891 3448; x_wconf 89' lang='lat' dir='ltr'><strong>iritemplum.</strong></span> <span class='ocrx_word' id='word_1_373' title='bbox 944 3377 1043 3431; x_wconf 87' lang='lat' dir='ltr'><strong>temen</strong></span> <span class='ocrx_word' id='word_1_374' title='bbox 1063 3373 1094 3430; x_wconf 91' lang='lat' dir='ltr'><strong>id</strong></span> <span class='ocrx_word' id='word_1_375' title='bbox 1123 3391 1155 3430; x_wconf 86' lang='lat' dir='ltr'><strong>ex</strong></span> <span class='ocrx_word' id='word_1_376' title='bbox 1174 3371 1231 3428; x_wconf 86' lang='lat' dir='ltr'><strong>fide</strong></span> <span class='ocrx_word' id='word_1_377' title='bbox 1250 3367 1435 3444; x_wconf 85' lang='lat' dir='ltr'><strong>expetieritis)</strong></span> <span class='ocrx_word' id='word_1_378' title='bbox 1460 3362 1678 3437; x_wconf 83' lang='lat' dir='ltr'><strong>multorumque</strong></span> <span class='ocrx_word' id='word_1_379' title='bbox 1699 3379 1750 3420; x_wconf 89' lang='lat' dir='ltr'><strong>sa·</strong></span> 
     </span>
     <span class='ocr_line' id='line_1_35' title="bbox 79 3453 1749 3535; baseline -0.004 -20"><span class='ocrx_word' id='word_1_380' title='bbox 79 3459 167 3516; x_wconf 90' lang='lat' dir='ltr'><strong>llnde</strong></span> <span class='ocrx_word' id='word_1_381' title='bbox 183 3459 304 3532; x_wconf 89' lang='lat' dir='ltr'><strong>quidam</strong></span> <span class='ocrx_word' id='word_1_382' title='bbox 320 3465 496 3534; x_wconf 89' lang='lat' dir='ltr'><strong>nostrorum,</strong></span> <span class='ocrx_word' id='word_1_383' title='bbox 511 3463 658 3521; x_wconf 86' lang='lat' dir='ltr'><strong>interioris</strong></span> <span class='ocrx_word' id='word_1_384' title='bbox 671 3463 798 3522; x_wconf 88' lang='lat' dir='ltr'><strong>hominis</strong></span> <span class='ocrx_word' id='word_1_385' title='bbox 812 3481 891 3535; x_wconf 87' lang='lat' dir='ltr'><strong>voce,</strong></span> <span class='ocrx_word' id='word_1_386' title='bbox 943 3461 1013 3530; x_wconf 90' lang='lat' dir='ltr'><strong>lnte,</strong></span> <span class='ocrx_word' id='word_1_387' title='bbox 1027 3479 1061 3518; x_wconf 87' lang='lat' dir='ltr'><strong>ex</strong></span> <span class='ocrx_word' id='word_1_388' title='bbox 1074 3461 1155 3518; x_wconf 87' lang='lat' dir='ltr'><strong>ltalia</strong></span> <span class='ocrx_word' id='word_1_389' title='bbox 1169 3457 1356 3534; x_wconf 90' lang='lat' dir='ltr'><strong>provinciain</strong></span> <span class='ocrx_word' id='word_1_390' title='bbox 1371 3459 1447 3514; x_wconf 87' lang='lat' dir='ltr'><strong>hanc</strong></span> <span class='ocrx_word' id='word_1_391' title='bbox 1462 3455 1598 3512; x_wconf 88' lang='lat' dir='ltr'><strong>divinitus</strong></span> <span class='ocrx_word' id='word_1_392' title='bbox 1608 3453 1749 3509; x_wconf 87' lang='lat' dir='ltr'><strong>translata</strong></span> 
     </span>
     <span class='ocr_line' id='line_1_36' title="bbox 79 3543 1748 3626; baseline -0.005 -22"><span class='ocrx_word' id='word_1_393' title='bbox 79 3549 217 3606; x_wconf 81' lang='lat' dir='ltr'><strong>auxiliari</strong></span> <span class='ocrx_word' id='word_1_394' title='bbox 232 3549 284 3605; x_wconf 88' lang='lat' dir='ltr'><strong>sibi</strong></span> <span class='ocrx_word' id='word_1_395' title='bbox 297 3549 352 3624; x_wconf 91' lang='lat' dir='ltr'><strong>piis</strong></span> <span class='ocrx_word' id='word_1_396' title='bbox 361 3552 494 3624; x_wconf 84' lang='lat' dir='ltr'><strong>precibus</strong></span> <span class='ocrx_word' id='word_1_397' title='bbox 508 3556 639 3609; x_wconf 89' lang='lat' dir='ltr'><strong>sanctem</strong></span> <span class='ocrx_word' id='word_1_398' title='bbox 656 3552 706 3609; x_wconf 89' lang='lat' dir='ltr'><strong>llei</strong></span> <span class='ocrx_word' id='word_1_399' title='bbox 720 3552 892 3626; x_wconf 82' lang='lat' dir='ltr'><strong>genitricem</strong></span> <span class='ocrx_word' id='word_1_400' title='bbox 943 3553 1007 3608; x_wconf 90' lang='lat' dir='ltr'><strong>suut</strong></span> <span class='ocrx_word' id='word_1_401' title='bbox 1023 3549 1176 3624; x_wconf 90' lang='lat' dir='ltr'><strong>regionem</strong></span> <span class='ocrx_word' id='word_1_402' title='bbox 1188 3551 1204 3608; x_wconf 80' lang='lat' dir='ltr'><strong>&#39;i</strong></span> <span class='ocrx_word' id='word_1_403' title='bbox 1218 3549 1299 3607; x_wconf 89' lang='lat' dir='ltr'><strong>Unde</strong></span> <span class='ocrx_word' id='word_1_404' title='bbox 1321 3563 1374 3621; x_wconf 90' lang='lat' dir='ltr'><strong>pro</strong></span> <span class='ocrx_word' id='word_1_405' title='bbox 1396 3548 1474 3603; x_wconf 91' lang='lat' dir='ltr'><strong>certo</strong></span> <span class='ocrx_word' id='word_1_406' title='bbox 1490 3544 1563 3600; x_wconf 86' lang='lat' dir='ltr'><strong>scias</strong></span> <span class='ocrx_word' id='word_1_407' title='bbox 1583 3543 1748 3598; x_wconf 86' lang='lat' dir='ltr'><strong>nullatenus</strong></span> 
     </span>
     <span class='ocr_line' id='line_1_37' title="bbox 76 3629 1746 3714; baseline -0.005 -22"><span class='ocrx_word' id='word_1_408' title='bbox 76 3637 202 3693; x_wconf 70' lang='lat' dir='ltr'><strong>Uariam</strong></span> <span class='ocrx_word' id='word_1_409' title='bbox 213 3637 894 3714; x_wconf 85' lang='lat' dir='ltr'><strong>famulumqueejusinclytumposcebaatBone-</strong></span> <span class='ocrx_word' id='word_1_410' title='bbox 942 3644 1024 3698; x_wconf 87' lang='lat' dir='ltr'><strong>tuem</strong></span> <span class='ocrx_word' id='word_1_411' title='bbox 1040 3642 1201 3698; x_wconf 88' lang='lat' dir='ltr'><strong>sanandam</strong></span> <span class='ocrx_word' id='word_1_412' title='bbox 1221 3656 1282 3697; x_wconf 89' lang='lat' dir='ltr'><strong>esse</strong></span> <span class='ocrx_word' id='word_1_413' title='bbox 1301 3639 1402 3707; x_wconf 83' lang='lat' dir='ltr'><strong>fllium,</strong></span> <span class='ocrx_word' id='word_1_414' title='bbox 1419 3635 1473 3692; x_wconf 90' lang='lat' dir='ltr'><strong>nisi</strong></span> <span class='ocrx_word' id='word_1_415' title='bbox 1489 3651 1523 3690; x_wconf 90' lang='lat' dir='ltr'><strong>eo</strong></span> <span class='ocrx_word' id='word_1_416' title='bbox 1540 3633 1636 3688; x_wconf 88' lang='lat' dir='ltr'><strong>delata</strong></span> <span class='ocrx_word' id='word_1_417' title='bbox 1648 3629 1746 3686; x_wconf 89' lang='lat' dir='ltr'><strong>fuerit.</strong></span> 
     </span>
     <span class='ocr_line' id='line_1_38' title="bbox 78 3719 1746 3804; baseline -0.004 -25"><span class='ocrx_word' id='word_1_418' title='bbox 78 3724 207 3794; x_wconf 89' lang='lat' dir='ltr'><strong>dictum,</strong></span> <span class='ocrx_word' id='word_1_419' title='bbox 223 3725 346 3799; x_wconf 88' lang='lat' dir='ltr'><strong>repetito</strong></span> <span class='ocrx_word' id='word_1_420' title='bbox 362 3728 464 3802; x_wconf 77' lang='lat' dir='ltr'><strong>sepius</strong></span> <span class='ocrx_word' id='word_1_421' title='bbox 475 3727 595 3786; x_wconf 90' lang='lat' dir='ltr'><strong>nomine</strong></span> <span class='ocrx_word' id='word_1_422' title='bbox 607 3729 714 3786; x_wconf 90' lang='lat' dir='ltr'><strong>sororis</strong></span> <span class='ocrx_word' id='word_1_423' title='bbox 727 3728 788 3801; x_wconf 88' lang='lat' dir='ltr'><strong>ejus</strong></span> <span class='ocrx_word' id='word_1_424' title='bbox 803 3729 891 3786; x_wconf 90' lang='lat' dir='ltr'><strong>Scho-</strong></span> <span class='ocrx_word' id='word_1_425' title='bbox 943 3731 1086 3804; x_wconf 86' lang='lat' dir='ltr'><strong>Evigilans</strong></span> <span class='ocrx_word' id='word_1_426' title='bbox 1100 3730 1198 3802; x_wconf 86' lang='lat' dir='ltr'><strong>itaque</strong></span> <span class='ocrx_word' id='word_1_427' title='bbox 1214 3729 1318 3784; x_wconf 90' lang='lat' dir='ltr'><strong>mulier</strong></span> <span class='ocrx_word' id='word_1_428' title='bbox 1334 3725 1398 3781; x_wconf 87' lang='lat' dir='ltr'><strong>viro</strong></span> <span class='ocrx_word' id='word_1_429' title='bbox 1413 3723 1467 3780; x_wconf 89' lang='lat' dir='ltr'><strong>sibi</strong></span> <span class='ocrx_word' id='word_1_430' title='bbox 1488 3719 1651 3795; x_wconf 82' lang='lat' dir='ltr'><strong>conjacenti</strong></span> <span class='ocrx_word' id='word_1_431' title='bbox 1668 3735 1746 3774; x_wconf 91' lang='lat' dir='ltr'><strong>som-</strong></span> 
     </span>
     <span class='ocr_line' id='line_1_39' title="bbox 76 3807 1744 3892; baseline -0.005 -23"><span class='ocrx_word' id='word_1_432' title='bbox 76 3815 201 3871; x_wconf 80' lang='lat' dir='ltr'><strong>lasts&#39;cae.</strong></span> <span class='ocrx_word' id='word_1_433' title='bbox 218 3815 273 3871; x_wconf 80' lang='lat' dir='ltr'><strong>Alii</strong></span> <span class='ocrx_word' id='word_1_434' title='bbox 285 3829 354 3872; x_wconf 84' lang='lat' dir='ltr'><strong>raro</strong></span> <span class='ocrx_word' id='word_1_435' title='bbox 368 3815 398 3872; x_wconf 94' lang='lat' dir='ltr'><strong>id</strong></span> <span class='ocrx_word' id='word_1_436' title='bbox 409 3818 505 3890; x_wconf 86' lang='lat' dir='ltr'><strong>ipsura</strong></span> <span class='ocrx_word' id='word_1_437' title='bbox 519 3819 597 3875; x_wconf 88' lang='lat' dir='ltr'><strong>clara</strong></span> <span class='ocrx_word' id='word_1_438' title='bbox 613 3818 733 3892; x_wconf 87' lang='lat' dir='ltr'><strong>quidem</strong></span> <span class='ocrx_word' id='word_1_439' title='bbox 746 3834 825 3887; x_wconf 89' lang='lat' dir='ltr'><strong>voce,</strong></span> <span class='ocrx_word' id='word_1_440' title='bbox 841 3819 891 3874; x_wconf 90' lang='lat' dir='ltr'><strong>sed</strong></span> <span class='ocrx_word' id='word_1_441' title='bbox 942 3819 1023 3876; x_wconf 89' lang='lat' dir='ltr'><strong>nium</strong></span> <span class='ocrx_word' id='word_1_442' title='bbox 1038 3819 1137 3875; x_wconf 89' lang='lat' dir='ltr'><strong>refert.</strong></span> <span class='ocrx_word' id='word_1_443' title='bbox 1153 3818 1203 3874; x_wconf 85' lang='lat' dir='ltr'><strong>Cui</strong></span> <span class='ocrx_word' id='word_1_444' title='bbox 1216 3818 1283 3872; x_wconf 90' lang='lat' dir='ltr'><strong>ille:</strong></span> <span class='ocrx_word' id='word_1_445' title='bbox 1301 3817 1371 3887; x_wconf 84' lang='lat' dir='ltr'><strong>Ego,</strong></span> <span class='ocrx_word' id='word_1_446' title='bbox 1381 3812 1526 3886; x_wconf 88' lang='lat' dir='ltr'><strong>inquiens,</strong></span> <span class='ocrx_word' id='word_1_447' title='bbox 1535 3810 1595 3881; x_wconf 84' lang='lat' dir='ltr'><strong>jum</strong></span> <span class='ocrx_word' id='word_1_448' title='bbox 1606 3807 1636 3863; x_wconf 92' lang='lat' dir='ltr'><strong>id</strong></span> <span class='ocrx_word' id='word_1_449' title='bbox 1650 3807 1744 3879; x_wconf 89' lang='lat' dir='ltr'><strong>ipsum</strong></span> 
     </span>
     <span class='ocr_line' id='line_1_40' title="bbox 77 3896 1746 3982; baseline -0.004 -23"><span class='ocrx_word' id='word_1_450' title='bbox 77 3903 247 3975; x_wconf 82' lang='lat' dir='ltr'><strong>querulosis</strong></span> <span class='ocrx_word' id='word_1_451' title='bbox 255 3905 400 3963; x_wconf 88' lang='lat' dir='ltr'><strong>iterabant</strong></span> <span class='ocrx_word' id='word_1_452' title='bbox 406 3906 510 3965; x_wconf 87' lang='lat' dir='ltr'><strong>verbis.</strong></span> <span class='ocrx_word' id='word_1_453' title='bbox 519 3907 649 3964; x_wconf 85' lang='lat' dir='ltr'><strong>Tandem</strong></span> <span class='ocrx_word' id='word_1_454' title='bbox 659 3909 890 3964; x_wconf 88' lang='lat' dir='ltr'><strong>memoratorum</strong></span> <span class='ocrx_word' id='word_1_455' title='bbox 940 3911 1040 3965; x_wconf 89' lang='lat' dir='ltr'><strong>mente</strong></span> <span class='ocrx_word' id='word_1_456' title='bbox 1053 3922 1243 3982; x_wconf 86' lang='lat' dir='ltr'><strong>conceperam</strong></span> <span class='ocrx_word' id='word_1_457' title='bbox 1256 3923 1264 3976; x_wconf 89' lang='lat'>;</span> <span class='ocrx_word' id='word_1_458' title='bbox 1280 3905 1330 3960; x_wconf 89' lang='lat' dir='ltr'><strong>sed</strong></span> <span class='ocrx_word' id='word_1_459' title='bbox 1344 3917 1445 3958; x_wconf 91' lang='lat' dir='ltr'><strong>vercor</strong></span> <span class='ocrx_word' id='word_1_460' title='bbox 1456 3903 1488 3954; x_wconf 87' lang='lat' dir='ltr'><strong>ut</strong></span> <span class='ocrx_word' id='word_1_461' title='bbox 1499 3901 1614 3956; x_wconf 87' lang='lat' dir='ltr'><strong>sanctus</strong></span> <span class='ocrx_word' id='word_1_462' title='bbox 1629 3896 1676 3952; x_wconf 92' lang='lat' dir='ltr'><strong>ille</strong></span> <span class='ocrx_word' id='word_1_463' title='bbox 1692 3913 1746 3952; x_wconf 89' lang='lat' dir='ltr'><strong>ao-</strong></span> 
     </span>
     <span class='ocr_line' id='line_1_41' title="bbox 74 3989 1794 4070; baseline -0.003 -22"><span class='ocrx_word' id='word_1_464' title='bbox 74 4008 185 4064; x_wconf 86' lang='lat' dir='ltr'><strong>preces</strong></span> <span class='ocrx_word' id='word_1_465' title='bbox 207 3996 375 4051; x_wconf 89' lang='lat' dir='ltr'><strong>sanctorum</strong></span> <span class='ocrx_word' id='word_1_466' title='bbox 402 3996 494 4052; x_wconf 86' lang='lat' dir='ltr'><strong>audiit</strong></span> <span class='ocrx_word' id='word_1_467' title='bbox 514 3996 891 4070; x_wconf 76' lang='lat' dir='ltr'><strong>Omnipotens,coeli‹1nea</strong></span> <span class='ocrx_word' id='word_1_468' title='bbox 940 4001 999 4056; x_wconf 93' lang='lat' dir='ltr'><strong>stro</strong></span> <span class='ocrx_word' id='word_1_469' title='bbox 1015 3997 1143 4054; x_wconf 88' lang='lat' dir='ltr'><strong>irritatus</strong></span> <span class='ocrx_word' id='word_1_470' title='bbox 1157 3996 1328 4069; x_wconf 89' lang='lat' dir='ltr'><strong>contemptu</strong></span> <span class='ocrx_word' id='word_1_471' title='bbox 1342 3989 1497 4048; x_wconf 86' lang='lat' dir='ltr'><strong>Dominum</strong></span> <span class='ocrx_word' id='word_1_472' title='bbox 1514 4003 1568 4062; x_wconf 90' lang='lat' dir='ltr'><strong>pro</strong></span> <span class='ocrx_word' id='word_1_473' title='bbox 1583 4001 1745 4042; x_wconf 85' lang='lat' dir='ltr'><strong>eaexorare</strong></span> <span class='ocrx_word' id='word_1_474' title='bbox 1792 4053 1794 4060; x_wconf 20' lang='lat' dir='ltr'><strong><em>J</em></strong></span> 
     </span>
     <span class='ocr_line' id='line_1_42' title="bbox 75 4075 1741 4160; baseline -0.005 -22"><span class='ocrx_word' id='word_1_475' title='bbox 75 4085 167 4152; x_wconf 81' lang='lat' dir='ltr'><strong>parte</strong></span> <span class='ocrx_word' id='word_1_476' title='bbox 190 4098 296 4139; x_wconf 85' lang='lat' dir='ltr'><strong>serena</strong></span> <span class='ocrx_word' id='word_1_477' title='bbox 311 4083 447 4140; x_wconf 89' lang='lat' dir='ltr'><strong>intonuit.</strong></span> <span class='ocrx_word' id='word_1_478' title='bbox 466 4085 595 4160; x_wconf 87' lang='lat' dir='ltr'><strong>Denique</strong></span> <span class='ocrx_word' id='word_1_479' title='bbox 614 4103 679 4142; x_wconf 91' lang='lat' dir='ltr'><strong>cum</strong></span> <span class='ocrx_word' id='word_1_480' title='bbox 700 4104 814 4142; x_wconf 90' lang='lat' dir='ltr'><strong>summa</strong></span> <span class='ocrx_word' id='word_1_481' title='bbox 828 4087 890 4144; x_wconf 85' lang='lat' dir='ltr'><strong>coeli</strong></span> <span class='ocrx_word' id='word_1_482' title='bbox 940 4088 1018 4144; x_wconf 90' lang='lat' dir='ltr'><strong>velit.</strong></span> <span class='ocrx_word' id='word_1_483' title='bbox 1032 4087 1147 4144; x_wconf 78' lang='lat' dir='ltr'><strong>Adhnc</strong></span> <span class='ocrx_word' id='word_1_484' title='bbox 1159 4084 1207 4139; x_wconf 92' lang='lat' dir='ltr'><strong>illo</strong></span> <span class='ocrx_word' id='word_1_485' title='bbox 1219 4081 1419 4156; x_wconf 89' lang='lat' dir='ltr'><strong>respondens:</strong></span> <span class='ocrx_word' id='word_1_486' title='bbox 1437 4080 1571 4146; x_wconf 86' lang='lat' dir='ltr'><strong>llncatnr,</strong></span> <span class='ocrx_word' id='word_1_487' title='bbox 1587 4075 1692 4148; x_wconf 89' lang='lat' dir='ltr'><strong>iuquit,</strong></span> <span class='ocrx_word' id='word_1_488' title='bbox 1706 4075 1741 4130; x_wconf 91' lang='lat' dir='ltr'><strong>ad</strong></span> 
     </span>
     <span class='ocr_line' id='line_1_43' title="bbox 74 4165 1743 4248; baseline -0.005 -21"><span class='ocrx_word' id='word_1_489' title='bbox 74 4174 157 4227; x_wconf 77' lang='lat' dir='ltr'><strong>esset</strong></span> <span class='ocrx_word' id='word_1_490' title='bbox 174 4171 322 4241; x_wconf 88' lang='lat' dir='ltr'><strong>serenitas,</strong></span> <span class='ocrx_word' id='word_1_491' title='bbox 338 4173 470 4245; x_wconf 89' lang='lat' dir='ltr'><strong>profusus</strong></span> <span class='ocrx_word' id='word_1_492' title='bbox 487 4173 581 4230; x_wconf 92' lang='lat' dir='ltr'><strong>subito</strong></span> <span class='ocrx_word' id='word_1_493' title='bbox 603 4190 619 4230; x_wconf 95' lang='lat' dir='ltr'><strong>e</strong></span> <span class='ocrx_word' id='word_1_494' title='bbox 638 4175 763 4232; x_wconf 88' lang='lat' dir='ltr'><strong>nubibus</strong></span> <span class='ocrx_word' id='word_1_495' title='bbox 786 4177 903 4244; x_wconf 76' lang='lat' dir='ltr'><strong>imber,</strong></span> <span class='ocrx_word' id='word_1_496' title='bbox 941 4176 1033 4236; x_wconf 90' lang='lat' dir='ltr'><strong>sancti</strong></span> <span class='ocrx_word' id='word_1_497' title='bbox 1044 4177 1225 4248; x_wconf 87' lang='lat' dir='ltr'><strong>sepulcrum;</strong></span> <span class='ocrx_word' id='word_1_498' title='bbox 1240 4177 1269 4228; x_wconf 91' lang='lat' dir='ltr'><strong>et</strong></span> <span class='ocrx_word' id='word_1_499' title='bbox 1283 4171 1426 4244; x_wconf 88' lang='lat' dir='ltr'><strong>siquidem</strong></span> <span class='ocrx_word' id='word_1_500' title='bbox 1441 4183 1507 4224; x_wconf 91' lang='lat' dir='ltr'><strong>eam</strong></span> <span class='ocrx_word' id='word_1_501' title='bbox 1519 4165 1673 4232; x_wconf 84' lang='lat' dir='ltr'><strong>sanaverit,</strong></span> <span class='ocrx_word' id='word_1_502' title='bbox 1690 4165 1743 4219; x_wconf 90' lang='lat' dir='ltr'><strong>ba-</strong></span> 
     </span>
     <span class='ocr_line' id='line_1_44' title="bbox 75 4255 1742 4338; baseline -0.004 -24"><span class='ocrx_word' id='word_1_503' title='bbox 75 4257 221 4315; x_wconf 85' lang='lat' dir='ltr'><strong>llammes</strong></span> <span class='ocrx_word' id='word_1_504' title='bbox 231 4276 296 4333; x_wconf 79' lang='lat' dir='ltr'><strong>qua</strong></span> <span class='ocrx_word' id='word_1_505' title='bbox 310 4260 449 4319; x_wconf 89' lang='lat' dir='ltr'><strong>interiora</strong></span> <span class='ocrx_word' id='word_1_506' title='bbox 462 4263 547 4319; x_wconf 86' lang='lat' dir='ltr'><strong>castri</strong></span> <span class='ocrx_word' id='word_1_507' title='bbox 561 4263 683 4320; x_wconf 74' lang='lat' dir='ltr'><strong>edificia</strong></span> <span class='ocrx_word' id='word_1_508' title='bbox 696 4263 890 4337; x_wconf 87' lang='lat' dir='ltr'><strong>depasceban-</strong></span> <span class='ocrx_word' id='word_1_509' title='bbox 941 4267 1009 4323; x_wconf 88' lang='lat' dir='ltr'><strong>beat</strong></span> <span class='ocrx_word' id='word_1_510' title='bbox 1022 4266 1115 4338; x_wconf 88' lang='lat' dir='ltr'><strong>ipsam</strong></span> <span class='ocrx_word' id='word_1_511' title='bbox 1132 4263 1267 4320; x_wconf 86' lang='lat' dir='ltr'><strong>ancillam</strong></span> <span class='ocrx_word' id='word_1_512' title='bbox 1278 4261 1308 4316; x_wconf 92' lang='lat' dir='ltr'><strong>in</strong></span> <span class='ocrx_word' id='word_1_513' title='bbox 1319 4259 1544 4330; x_wconf 89' lang='lat' dir='ltr'><strong>sempiternum;</strong></span> <span class='ocrx_word' id='word_1_514' title='bbox 1558 4255 1601 4311; x_wconf 89' lang='lat' dir='ltr'><strong>sia</strong></span> <span class='ocrx_word' id='word_1_515' title='bbox 1613 4269 1680 4310; x_wconf 88' lang='lat' dir='ltr'><strong>vcro</strong></span> <span class='ocrx_word' id='word_1_516' title='bbox 1689 4270 1742 4308; x_wconf 90' lang='lat' dir='ltr'><strong>uo-</strong></span> 
     </span>
     <span class='ocr_line' id='line_1_45' title="bbox 73 4345 1744 4433; baseline -0.003 -31"><span class='ocrx_word' id='word_1_517' title='bbox 73 4349 136 4418; x_wconf 89' lang='lat' dir='ltr'><strong>tur,</strong></span> <span class='ocrx_word' id='word_1_518' title='bbox 167 4347 298 4406; x_wconf 87' lang='lat' dir='ltr'><strong>funditus</strong></span> <span class='ocrx_word' id='word_1_519' title='bbox 325 4350 466 4408; x_wconf 84' lang='lat' dir='ltr'><strong>exstinxit.</strong></span> <span class='ocrx_word' id='word_1_520' title='bbox 490 4349 589 4408; x_wconf 75' lang='lat' dir='ltr'><strong>Mutati</strong></span> <span class='ocrx_word' id='word_1_521' title='bbox 614 4355 711 4408; x_wconf 89' lang='lat' dir='ltr'><strong>autem</strong></span> <span class='ocrx_word' id='word_1_522' title='bbox 737 4357 890 4410; x_wconf 88' lang='lat' dir='ltr'><strong>venturum</strong></span> <span class='ocrx_word' id='word_1_523' title='bbox 900 4355 1036 4433; x_wconf 75' lang='lat' dir='ltr'><strong>pluerit,</strong></span> <span class='ocrx_word' id='word_1_524' title='bbox 1051 4355 1224 4422; x_wconf 80' lang='lat' dir='ltr'><strong>reducatur3</strong></span> <span class='ocrx_word' id='word_1_525' title='bbox 1240 4367 1306 4407; x_wconf 87' lang='lat' dir='ltr'><strong>cnm</strong></span> <span class='ocrx_word' id='word_1_526' title='bbox 1317 4348 1464 4405; x_wconf 88' lang='lat' dir='ltr'><strong>debilitate</strong></span> <span class='ocrx_word' id='word_1_527' title='bbox 1476 4347 1565 4401; x_wconf 91' lang='lat' dir='ltr'><strong>etiam</strong></span> <span class='ocrx_word' id='word_1_528' title='bbox 1579 4345 1744 4400; x_wconf 86' lang='lat' dir='ltr'><strong>libertatem</strong></span> 
     </span>
     <span class='ocr_line' id='line_1_46' title="bbox 74 4432 1745 4516; baseline -0.004 -23"><span class='ocrx_word' id='word_1_529' title='bbox 74 4438 172 4494; x_wconf 84' lang='lat' dir='ltr'><strong>flatus</strong></span> <span class='ocrx_word' id='word_1_530' title='bbox 185 4439 322 4496; x_wconf 89' lang='lat' dir='ltr'><strong>cadentes</strong></span> <span class='ocrx_word' id='word_1_531' title='bbox 332 4441 452 4511; x_wconf 88' lang='lat' dir='ltr'><strong>favillas,</strong></span> <span class='ocrx_word' id='word_1_532' title='bbox 468 4457 591 4516; x_wconf 76' lang='lat' dir='ltr'><strong>quanam</strong></span> <span class='ocrx_word' id='word_1_533' title='bbox 606 4443 688 4516; x_wconf 90' lang='lat' dir='ltr'><strong>copia</strong></span> <span class='ocrx_word' id='word_1_534' title='bbox 703 4443 793 4502; x_wconf 88' lang='lat' dir='ltr'><strong>instar</strong></span> <span class='ocrx_word' id='word_1_535' title='bbox 813 4445 889 4502; x_wconf 90' lang='lat' dir='ltr'><strong>deci·</strong></span> <span class='ocrx_word' id='word_1_536' title='bbox 940 4445 1079 4502; x_wconf 90' lang='lat' dir='ltr'><strong>retinens.</strong></span> <span class='ocrx_word' id='word_1_537' title='bbox 1091 4445 1179 4498; x_wconf 80' lang='lat' dir='ltr'><strong>Erant</strong></span> <span class='ocrx_word' id='word_1_538' title='bbox 1193 4441 1272 4497; x_wconf 90' lang='lat' dir='ltr'><strong>enim</strong></span> <span class='ocrx_word' id='word_1_539' title='bbox 1287 4437 1341 4512; x_wconf 88' lang='lat' dir='ltr'><strong>ipsi</strong></span> <span class='ocrx_word' id='word_1_540' title='bbox 1351 4454 1410 4494; x_wconf 90' lang='lat' dir='ltr'><strong>non</strong></span> <span class='ocrx_word' id='word_1_541' title='bbox 1425 4438 1517 4492; x_wconf 90' lang='lat' dir='ltr'><strong>solum</strong></span> <span class='ocrx_word' id='word_1_542' title='bbox 1533 4432 1628 4502; x_wconf 91' lang='lat' dir='ltr'><strong>liberi,</strong></span> <span class='ocrx_word' id='word_1_543' title='bbox 1644 4448 1745 4488; x_wconf 87' lang='lat' dir='ltr'><strong>verum</strong></span> 
     </span>
     <span class='ocr_line' id='line_1_47' title="bbox 73 4521 1745 4607; baseline -0.005 -23"><span class='ocrx_word' id='word_1_544' title='bbox 73 4526 181 4585; x_wconf 84' lang='lat' dir='ltr'><strong>dentis</strong></span> <span class='ocrx_word' id='word_1_545' title='bbox 193 4527 266 4585; x_wconf 84' lang='lat' dir='ltr'><strong>uiris</strong></span> <span class='ocrx_word' id='word_1_546' title='bbox 278 4528 419 4586; x_wconf 85' lang='lat' dir='ltr'><strong>introrsus</strong></span> <span class='ocrx_word' id='word_1_547' title='bbox 427 4530 584 4603; x_wconf 88' lang='lat' dir='ltr'><strong>ferebatur,</strong></span> <span class='ocrx_word' id='word_1_548' title='bbox 595 4535 790 4590; x_wconf 82' lang='lat' dir='ltr'><strong>retroactasin</strong></span> <span class='ocrx_word' id='word_1_549' title='bbox 799 4537 891 4590; x_wconf 88' lang='lat' dir='ltr'><strong>semet</strong></span> <span class='ocrx_word' id='word_1_550' title='bbox 942 4535 1030 4592; x_wconf 90' lang='lat' dir='ltr'><strong>etiam</strong></span> <span class='ocrx_word' id='word_1_551' title='bbox 1040 4549 1148 4607; x_wconf 87' lang='lat' dir='ltr'><strong>genere</strong></span> <span class='ocrx_word' id='word_1_552' title='bbox 1160 4529 1318 4597; x_wconf 89' lang='lat' dir='ltr'><strong>clarissimi,</strong></span> <span class='ocrx_word' id='word_1_553' title='bbox 1333 4543 1366 4584; x_wconf 90' lang='lat' dir='ltr'><strong>ac</strong></span> <span class='ocrx_word' id='word_1_554' title='bbox 1375 4525 1558 4583; x_wconf 90' lang='lat' dir='ltr'><strong>facultatibus</strong></span> <span class='ocrx_word' id='word_1_555' title='bbox 1568 4521 1661 4579; x_wconf 85' lang='lat' dir='ltr'><strong>ditati.</strong></span> <span class='ocrx_word' id='word_1_556' title='bbox 1675 4521 1745 4576; x_wconf 88' lang='lat' dir='ltr'><strong>Orto</strong></span> 
     </span>
     <span class='ocr_line' id='line_1_48' title="bbox 73 4610 1744 4698; baseline -0.006 -23"><span class='ocrx_word' id='word_1_557' title='bbox 73 4619 180 4675; x_wconf 86' lang='lat' dir='ltr'><strong>redire</strong></span> <span class='ocrx_word' id='word_1_558' title='bbox 202 4620 357 4692; x_wconf 87' lang='lat' dir='ltr'><strong>cogebant.</strong></span> <span class='ocrx_word' id='word_1_559' title='bbox 385 4622 428 4677; x_wconf 83' lang='lat' dir='ltr'><strong>lta</strong></span> <span class='ocrx_word' id='word_1_560' title='bbox 451 4621 562 4678; x_wconf 88' lang='lat' dir='ltr'><strong>meritis</strong></span> <span class='ocrx_word' id='word_1_561' title='bbox 582 4623 691 4696; x_wconf 89' lang='lat' dir='ltr'><strong>egregii</strong></span> <span class='ocrx_word' id='word_1_562' title='bbox 720 4624 892 4695; x_wconf 89' lang='lat' dir='ltr'><strong>protectoris</strong></span> <span class='ocrx_word' id='word_1_563' title='bbox 943 4625 1032 4698; x_wconf 86' lang='lat' dir='ltr'><strong>igitur</strong></span> <span class='ocrx_word' id='word_1_564' title='bbox 1056 4623 1115 4679; x_wconf 91' lang='lat' dir='ltr'><strong>sole</strong></span> <span class='ocrx_word' id='word_1_565' title='bbox 1135 4621 1191 4677; x_wconf 90' lang='lat' dir='ltr'><strong>iter</strong></span> <span class='ocrx_word' id='word_1_566' title='bbox 1212 4620 1249 4675; x_wconf 90' lang='lat' dir='ltr'><strong>ad</strong></span> <span class='ocrx_word' id='word_1_567' title='bbox 1270 4615 1481 4674; x_wconf 90' lang='lat' dir='ltr'><strong>monasterium</strong></span> <span class='ocrx_word' id='word_1_568' title='bbox 1496 4612 1648 4686; x_wconf 88' lang='lat' dir='ltr'><strong>arripiunt,</strong></span> <span class='ocrx_word' id='word_1_569' title='bbox 1666 4610 1744 4683; x_wconf 87' lang='lat' dir='ltr'><strong>quod</strong></span> 
     </span>
     <span class='ocr_line' id='line_1_49' title="bbox 73 4702 1748 4771; baseline -0.005 -8"><span class='ocrx_word' id='word_1_570' title='bbox 73 4706 175 4763; x_wconf 86' lang='lat' dir='ltr'><strong>nostri</strong></span> <span class='ocrx_word' id='word_1_571' title='bbox 190 4705 339 4763; x_wconf 77' lang='lat' dir='ltr'><strong>benedicti</strong></span> <span class='ocrx_word' id='word_1_572' title='bbox 353 4723 412 4764; x_wconf 91' lang='lat' dir='ltr'><strong>non</strong></span> <span class='ocrx_word' id='word_1_573' title='bbox 426 4710 520 4766; x_wconf 82' lang='lat' dir='ltr'><strong>solum</strong></span> <span class='ocrx_word' id='word_1_574' title='bbox 533 4711 894 4768; x_wconf 88' lang='lat' dir='ltr'><strong>monasteriumincolume</strong></span> <span class='ocrx_word' id='word_1_575' title='bbox 945 4732 1003 4771; x_wconf 91' lang='lat' dir='ltr'><strong>non</strong></span> <span class='ocrx_word' id='word_1_576' title='bbox 1017 4711 1071 4768; x_wconf 89' lang='lat' dir='ltr'><strong>nisi</strong></span> <span class='ocrx_word' id='word_1_577' title='bbox 1085 4726 1151 4768; x_wconf 82' lang='lat' dir='ltr'><strong>rvnr</strong></span> <span class='ocrx_word' id='word_1_578' title='bbox 1167 4708 1294 4764; x_wconf 90' lang='lat' dir='ltr'><strong>millibus</strong></span> <span class='ocrx_word' id='word_1_579' title='bbox 1301 4707 1445 4763; x_wconf 89' lang='lat' dir='ltr'><strong>abeorum</strong></span> <span class='ocrx_word' id='word_1_580' title='bbox 1456 4702 1748 4766; x_wconf 89' lang='lat' dir='ltr'><strong>distabatdomo‚una</strong></span> 
     </span>
     <span class='ocr_line' id='line_1_50' title="bbox 72 4791 1747 4874; baseline -0.004 -23"><span class='ocrx_word' id='word_1_581' title='bbox 72 4794 203 4864; x_wconf 88' lang='lat' dir='ltr'><strong>resedit,</strong></span> <span class='ocrx_word' id='word_1_582' title='bbox 216 4811 317 4852; x_wconf 79' lang='lat' dir='ltr'><strong>verum</strong></span> <span class='ocrx_word' id='word_1_583' title='bbox 330 4813 384 4853; x_wconf 91' lang='lat' dir='ltr'><strong>uec</strong></span> <span class='ocrx_word' id='word_1_584' title='bbox 395 4800 511 4856; x_wconf 87' lang='lat' dir='ltr'><strong>tantuin</strong></span> <span class='ocrx_word' id='word_1_585' title='bbox 524 4799 577 4855; x_wconf 88' lang='lat' dir='ltr'><strong>vici</strong></span> <span class='ocrx_word' id='word_1_586' title='bbox 591 4803 723 4857; x_wconf 81' lang='lat' dir='ltr'><strong>exustum</strong></span> <span class='ocrx_word' id='word_1_587' title='bbox 738 4803 791 4870; x_wconf 85' lang='lat' dir='ltr'><strong>est,</strong></span> <span class='ocrx_word' id='word_1_588' title='bbox 803 4817 896 4874; x_wconf 88' lang='lat' dir='ltr'><strong>quan·</strong></span> <span class='ocrx_word' id='word_1_589' title='bbox 946 4819 1043 4861; x_wconf 85' lang='lat' dir='ltr'><strong>secum</strong></span> <span class='ocrx_word' id='word_1_590' title='bbox 1058 4801 1149 4856; x_wconf 89' lang='lat' dir='ltr'><strong>filiam</strong></span> <span class='ocrx_word' id='word_1_591' title='bbox 1163 4797 1338 4854; x_wconf 89' lang='lat' dir='ltr'><strong>deducentes</strong></span> <span class='ocrx_word' id='word_1_592' title='bbox 1353 4793 1488 4850; x_wconf 89' lang='lat' dir='ltr'><strong>debilem.</strong></span> <span class='ocrx_word' id='word_1_593' title='bbox 1505 4791 1634 4848; x_wconf 84' lang='lat' dir='ltr'><strong>Instabat</strong></span> <span class='ocrx_word' id='word_1_594' title='bbox 1648 4793 1747 4846; x_wconf 84' lang='lat' dir='ltr'><strong>autam</strong></span> 
     </span>
     <span class='ocr_line' id='line_1_51' title="bbox 71 4879 1748 4964; baseline -0.01 -12"><span class='ocrx_word' id='word_1_595' title='bbox 71 4899 143 4952; x_wconf 71' lang='lat' dir='ltr'><strong>tum</strong></span> <span class='ocrx_word' id='word_1_596' title='bbox 160 4885 254 4960; x_wconf 61' lang='lat' dir='ltr'><strong>primi</strong></span> <span class='ocrx_word' id='word_1_597' title='bbox 268 4886 403 4946; x_wconf 68' lang='lat' dir='ltr'><strong>incendio</strong></span> <span class='ocrx_word' id='word_1_598' title='bbox 418 4890 645 4964; x_wconf 77' lang='lat' dir='ltr'><strong>perierat‚quod</strong></span> <span class='ocrx_word' id='word_1_599' title='bbox 659 4889 805 4947; x_wconf 82' lang='lat' dir='ltr'><strong>incedam</strong></span> <span class='ocrx_word' id='word_1_600' title='bbox 820 4889 896 4946; x_wconf 92' lang='lat' dir='ltr'><strong>festi·</strong></span> <span class='ocrx_word' id='word_1_601' title='bbox 946 4892 1174 4952; x_wconf 89' lang='lat' dir='ltr'><strong>celebrefestum</strong></span> <span class='ocrx_word' id='word_1_602' title='bbox 1189 4888 1318 4961; x_wconf 87' lang='lat' dir='ltr'><strong>ejusdem</strong></span> <span class='ocrx_word' id='word_1_603' title='bbox 1328 4880 1666 4949; x_wconf 83' lang='lat' dir='ltr'><strong>sanctissimillcnedicti,</strong></span> <span class='ocrx_word' id='word_1_604' title='bbox 1678 4883 1708 4936; x_wconf 91' lang='lat' dir='ltr'><strong>et</strong></span> <span class='ocrx_word' id='word_1_605' title='bbox 1717 4879 1748 4936; x_wconf 85' lang='lat' dir='ltr'><strong>in</strong></span> 
     </span>
     <span class='ocr_line' id='line_1_52' title="bbox 70 4971 1747 5060; baseline -0.002 -29"><span class='ocrx_word' id='word_1_606' title='bbox 70 4976 188 5045; x_wconf 83' lang='lat' dir='ltr'><strong>vitate,</strong></span> <span class='ocrx_word' id='word_1_607' title='bbox 199 4977 437 5051; x_wconf 80' lang='lat' dir='ltr'><strong>temporibusque</strong></span> <span class='ocrx_word' id='word_1_608' title='bbox 447 4978 603 5036; x_wconf 88' lang='lat' dir='ltr'><strong>memorati</strong></span> <span class='ocrx_word' id='word_1_609' title='bbox 610 4979 730 5054; x_wconf 88' lang='lat' dir='ltr'><strong>contigit</strong></span> <span class='ocrx_word' id='word_1_610' title='bbox 738 4981 895 5039; x_wconf 87' lang='lat' dir='ltr'><strong>venerandi</strong></span> <span class='ocrx_word' id='word_1_611' title='bbox 945 4985 1008 5060; x_wconf 86' lang='lat' dir='ltr'><strong>ipsa</strong></span> <span class='ocrx_word' id='word_1_612' title='bbox 1023 4982 1140 5056; x_wconf 89' lang='lat' dir='ltr'><strong>quidem</strong></span> <span class='ocrx_word' id='word_1_613' title='bbox 1157 4979 1203 5036; x_wconf 93' lang='lat' dir='ltr'><strong>die</strong></span> <span class='ocrx_word' id='word_1_614' title='bbox 1213 4975 1374 5035; x_wconf 84' lang='lat' dir='ltr'><strong>festivitatis</strong></span> <span class='ocrx_word' id='word_1_615' title='bbox 1389 4990 1454 5030; x_wconf 91' lang='lat' dir='ltr'><strong>eam</strong></span> <span class='ocrx_word' id='word_1_616' title='bbox 1470 4971 1632 5049; x_wconf 87' lang='lat' dir='ltr'><strong>sanandam</strong></span> <span class='ocrx_word' id='word_1_617' title='bbox 1647 4975 1747 5028; x_wconf 89' lang='lat' dir='ltr'><strong>sancto</strong></span> 
     </span>
     <span class='ocr_line' id='line_1_53' title="bbox 72 5061 1749 5143; baseline -0.002 -23"><span class='ocrx_word' id='word_1_618' title='bbox 72 5065 198 5122; x_wconf 81' lang='lat' dir='ltr'><strong>abbatia</strong></span> <span class='ocrx_word' id='word_1_619' title='bbox 210 5064 347 5124; x_wconf 78' lang='lat' dir='ltr'><strong>Abboms.</strong></span> <span class='ocrx_word' id='word_1_620' title='bbox 359 5068 440 5124; x_wconf 89' lang='lat' dir='ltr'><strong>Unde</strong></span> <span class='ocrx_word' id='word_1_621' title='bbox 453 5068 593 5126; x_wconf 86' lang='lat' dir='ltr'><strong>nimirum</strong></span> <span class='ocrx_word' id='word_1_622' title='bbox 600 5070 730 5143; x_wconf 81' lang='lat' dir='ltr'><strong>legiones</strong></span> <span class='ocrx_word' id='word_1_623' title='bbox 739 5072 895 5128; x_wconf 87' lang='lat' dir='ltr'><strong>monacho·</strong></span> <span class='ocrx_word' id='word_1_624' title='bbox 945 5074 1022 5131; x_wconf 88' lang='lat' dir='ltr'><strong>Patri</strong></span> <span class='ocrx_word' id='word_1_625' title='bbox 1035 5069 1188 5128; x_wconf 85' lang='lat' dir='ltr'><strong>Benedicta</strong></span> <span class='ocrx_word' id='word_1_626' title='bbox 1204 5068 1381 5124; x_wconf 79' lang='lat' dir='ltr'><strong>obtulerunt.</strong></span> <span class='ocrx_word' id='word_1_627' title='bbox 1396 5065 1428 5120; x_wconf 91' lang='lat' dir='ltr'><strong>ln</strong></span> <span class='ocrx_word' id='word_1_628' title='bbox 1444 5061 1568 5118; x_wconf 88' lang='lat' dir='ltr'><strong>crastino</strong></span> <span class='ocrx_word' id='word_1_629' title='bbox 1583 5076 1651 5118; x_wconf 88' lang='lat' dir='ltr'><strong>vero</strong></span> <span class='ocrx_word' id='word_1_630' title='bbox 1661 5076 1749 5116; x_wconf 87' lang='lat' dir='ltr'><strong>mane</strong></span> 
     </span>
     <span class='ocr_line' id='line_1_54' title="bbox 71 5151 1750 5235; baseline -0.004 -26"><span class='ocrx_word' id='word_1_631' title='bbox 71 5171 146 5210; x_wconf 89' lang='lat' dir='ltr'><strong>rum</strong></span> <span class='ocrx_word' id='word_1_632' title='bbox 159 5153 342 5213; x_wconf 87' lang='lat' dir='ltr'><strong>dominosuo</strong></span> <span class='ocrx_word' id='word_1_633' title='bbox 353 5157 507 5214; x_wconf 87' lang='lat' dir='ltr'><strong>Benedicta</strong></span> <span class='ocrx_word' id='word_1_634' title='bbox 518 5157 589 5215; x_wconf 88' lang='lat' dir='ltr'><strong>illud</strong></span> <span class='ocrx_word' id='word_1_635' title='bbox 599 5158 894 5233; x_wconf 89' lang='lat' dir='ltr'><strong>cujusdamsapientis</strong></span> <span class='ocrx_word' id='word_1_636' title='bbox 945 5165 1106 5235; x_wconf 87' lang='lat' dir='ltr'><strong>surgentes,</strong></span> <span class='ocrx_word' id='word_1_637' title='bbox 1119 5158 1187 5214; x_wconf 90' lang='lat' dir='ltr'><strong>dum</strong></span> <span class='ocrx_word' id='word_1_638' title='bbox 1193 5153 1310 5228; x_wconf 83' lang='lat' dir='ltr'><strong>regredi</strong></span> <span class='ocrx_word' id='word_1_639' title='bbox 1320 5154 1469 5225; x_wconf 88' lang='lat' dir='ltr'><strong>cuperent,</strong></span> <span class='ocrx_word' id='word_1_640' title='bbox 1478 5151 1570 5207; x_wconf 87' lang='lat' dir='ltr'><strong>filiam</strong></span> <span class='ocrx_word' id='word_1_641' title='bbox 1577 5163 1750 5205; x_wconf 91' lang='lat' dir='ltr'><strong>sanamom·</strong></span> 
     </span>
     <span class='ocr_line' id='line_1_55' title="bbox 72 5237 1747 5323; baseline -0.006 -24"><span class='ocrx_word' id='word_1_642' title='bbox 72 5243 892 5322; x_wconf 87' lang='lat' dir='ltr'><strong>noninoougrueetabsqnefucovalentaptereelogium,</strong></span> <span class='ocrx_word' id='word_1_643' title='bbox 945 5246 1235 5323; x_wconf 88' lang='lat' dir='ltr'><strong>nibusqnemembris</strong></span> <span class='ocrx_word' id='word_1_644' title='bbox 1253 5243 1475 5300; x_wconf 84' lang='lat' dir='ltr'><strong>benevalentem</strong></span> <span class='ocrx_word' id='word_1_645' title='bbox 1494 5238 1674 5311; x_wconf 87' lang='lat' dir='ltr'><strong>repererunt.</strong></span> <span class='ocrx_word' id='word_1_646' title='bbox 1692 5237 1747 5290; x_wconf 88' lang='lat' dir='ltr'><strong>Pro</strong></span> 
     </span>
    </p>
   </div>
   <div class='ocr_carea' id='block_1_6' title="bbox 72 5416 1755 5656">
    <p class='ocr_par' dir='ltr' id='par_1_6' title="bbox 72 5416 1755 5656">
     <span class='ocr_line' id='line_1_56' title="bbox 112 5416 1751 5507; baseline -0.005 -27"><span class='ocrx_word' id='word_1_647' title='bbox 112 5423 181 5500; x_wconf 77' lang='grc'>(53)</span> <span class='ocrx_word' id='word_1_648' title='bbox 202 5425 233 5480; x_wconf 91' lang='lat' dir='ltr'><strong>ld</strong></span> <span class='ocrx_word' id='word_1_649' title='bbox 257 5429 301 5482; x_wconf 88' lang='lat' dir='ltr'><strong>ast</strong></span> <span class='ocrx_word' id='word_1_650' title='bbox 313 5427 343 5484; x_wconf 91' lang='lat' dir='ltr'><strong>iu</strong></span> <span class='ocrx_word' id='word_1_651' title='bbox 365 5429 531 5486; x_wconf 89' lang='lat' dir='ltr'><strong>suburbano</strong></span> <span class='ocrx_word' id='word_1_652' title='bbox 548 5429 723 5487; x_wconf 83' lang='lat' dir='ltr'><strong>Parisiorum</strong></span> <span class='ocrx_word' id='word_1_653' title='bbox 744 5450 827 5506; x_wconf 92' lang='lat' dir='ltr'><strong>agro,</strong></span> <span class='ocrx_word' id='word_1_654' title='bbox 845 5433 894 5507; x_wconf 90' lang='lat' dir='ltr'><strong>qui</strong></span> <span class='ocrx_word' id='word_1_655' title='bbox 946 5430 1073 5488; x_wconf 77' lang='lat' dir='ltr'><strong>Aimoiui</strong></span> <span class='ocrx_word' id='word_1_656' title='bbox 1088 5427 1190 5503; x_wconf 89' lang='lat' dir='ltr'><strong>quinto</strong></span> <span class='ocrx_word' id='word_1_657' title='bbox 1205 5426 1241 5482; x_wconf 90' lang='lat' dir='ltr'><strong>ab</strong></span> <span class='ocrx_word' id='word_1_658' title='bbox 1258 5424 1329 5481; x_wconf 89' lang='lat' dir='ltr'><strong>urbe</strong></span> <span class='ocrx_word' id='word_1_659' title='bbox 1347 5423 1443 5496; x_wconf 93' lang='lat' dir='ltr'><strong>lapide</strong></span> <span class='ocrx_word' id='word_1_660' title='bbox 1457 5420 1543 5502; x_wconf 77' lang='lat' dir='ltr'><strong>sitam</strong></span> <span class='ocrx_word' id='word_1_661' title='bbox 1562 5416 1648 5474; x_wconf 85' lang='lat' dir='ltr'><strong>fnisse</strong></span> <span class='ocrx_word' id='word_1_662' title='bbox 1664 5431 1751 5498; x_wconf 85' lang='lat' dir='ltr'><strong>nemo</strong></span> 
     </span>
     <span class='ocr_line' id='line_1_57' title="bbox 72 5489 1752 5576; baseline -0.007 -22"><span class='ocrx_word' id='word_1_663' title='bbox 72 5515 159 5554; x_wconf 63' lang='lat' dir='ltr'><strong>unw</strong></span> <span class='ocrx_word' id='word_1_664' title='bbox 168 5497 250 5553; x_wconf 87' lang='lat' dir='ltr'><strong>locus</strong></span> <span class='ocrx_word' id='word_1_665' title='bbox 264 5498 369 5556; x_wconf 84' lang='lat' dir='ltr'><strong>sufficit</strong></span> <span class='ocrx_word' id='word_1_666' title='bbox 378 5500 415 5556; x_wconf 89' lang='lat' dir='ltr'><strong>ad</strong></span> <span class='ocrx_word' id='word_1_667' title='bbox 425 5500 659 5573; x_wconf 90' lang='lat' dir='ltr'><strong>interpretandos</strong></span> <span class='ocrx_word' id='word_1_668' title='bbox 670 5505 811 5575; x_wconf 87' lang='lat' dir='ltr'><strong>quosdam</strong></span> <span class='ocrx_word' id='word_1_669' title='bbox 819 5507 897 5562; x_wconf 90' lang='lat' dir='ltr'><strong>locos</strong></span> <span class='ocrx_word' id='word_1_670' title='bbox 948 5501 1106 5576; x_wconf 90' lang='lat' dir='ltr'><strong>negaverit,</strong></span> <span class='ocrx_word' id='word_1_671' title='bbox 1121 5499 1169 5572; x_wconf 89' lang='lat' dir='ltr'><strong>qui</strong></span> <span class='ocrx_word' id='word_1_672' title='bbox 1183 5497 1285 5571; x_wconf 87' lang='lat' dir='ltr'><strong>legerit</strong></span> <span class='ocrx_word' id='word_1_673' title='bbox 1297 5496 1403 5552; x_wconf 86' lang='lat' dir='ltr'><strong>librurn</strong></span> <span class='ocrx_word' id='word_1_674' title='bbox 1421 5494 1462 5548; x_wconf 89' lang='lat' dir='ltr'><strong>De</strong></span> <span class='ocrx_word' id='word_1_675' title='bbox 1480 5492 1543 5546; x_wconf 77' lang='lat' dir='ltr'><strong>Vite</strong></span> <span class='ocrx_word' id='word_1_676' title='bbox 1561 5491 1590 5548; x_wconf 90' lang='lat' dir='ltr'><strong>S.</strong></span> <span class='ocrx_word' id='word_1_677' title='bbox 1611 5489 1752 5555; x_wconf 68' lang='lat' dir='ltr'><strong>abbonis,</strong></span> 
     </span>
     <span class='ocr_line' id='line_1_58' title="bbox 72 5562 1755 5656; baseline -0.007 -30"><span class='ocrx_word' id='word_1_678' title='bbox 72 5573 242 5626; x_wconf 85' lang='lat' dir='ltr'><strong>auctorum</strong></span> <span class='ocrx_word' id='word_1_679' title='bbox 257 5573 399 5638; x_wconf 83' lang='lat' dir='ltr'><strong>veterum,</strong></span> <span class='ocrx_word' id='word_1_680' title='bbox 415 5571 465 5656; x_wconf 78' lang='lat' dir='ltr'><strong>qui</strong></span> <span class='ocrx_word' id='word_1_681' title='bbox 488 5572 636 5631; x_wconf 86' lang='lat' dir='ltr'><strong>basilicam</strong></span> <span class='ocrx_word' id='word_1_682' title='bbox 652 5573 750 5632; x_wconf 87' lang='lat' dir='ltr'><strong>Sancti</strong></span> <span class='ocrx_word' id='word_1_683' title='bbox 772 5576 900 5650; x_wconf 82' lang='lat' dir='ltr'><strong>Dionysii</strong></span> <span class='ocrx_word' id='word_1_684' title='bbox 950 5592 1013 5648; x_wconf 88' lang='lat' dir='ltr'><strong>cap.</strong></span> <span class='ocrx_word' id='word_1_685' title='bbox 1038 5575 1064 5629; x_wconf 80' lang='grc'><strong>9.</strong></span> <span class='ocrx_word' id='word_1_686' title='bbox 1087 5573 1162 5646; x_wconf 83' lang='lat' dir='ltr'><strong>lege</strong></span> <span class='ocrx_word' id='word_1_687' title='bbox 1178 5570 1310 5643; x_wconf 83' lang='lat' dir='ltr'><strong>illoginm</strong></span> <span class='ocrx_word' id='word_1_688' title='bbox 1327 5565 1441 5625; x_wconf 75' lang='lat' dir='ltr'><strong>fulradi</strong></span> <span class='ocrx_word' id='word_1_689' title='bbox 1463 5564 1575 5624; x_wconf 86' lang='lat' dir='ltr'><strong>abbatis</strong></span> <span class='ocrx_word' id='word_1_690' title='bbox 1588 5566 1621 5623; x_wconf 91' lang='lat' dir='ltr'><strong>in</strong></span> <span class='ocrx_word' id='word_1_691' title='bbox 1636 5562 1719 5633; x_wconf 87' lang='lat' dir='ltr'><strong>parto</strong></span> <span class='ocrx_word' id='word_1_692' title='bbox 1735 5573 1755 5615; x_wconf 79' lang='grc' dir='ltr'><strong>ιι</strong></span> 
     </span>
    </p>
   </div>
   <div class='ocr_carea' id='block_1_7' title="bbox 72 5639 1117 5724">
    <p class='ocr_par' dir='ltr' id='par_1_7' title="bbox 72 5639 1117 5724">
     <span class='ocr_line' id='line_1_59' title="bbox 72 5639 1117 5724; baseline -0.004 -20"><span class='ocrx_word' id='word_1_693' title='bbox 72 5639 204 5704; x_wconf 85' lang='lat' dir='ltr'><strong>tumulo</strong></span> <span class='ocrx_word' id='word_1_694' title='bbox 214 5640 356 5705; x_wconf 86' lang='lat' dir='ltr'><strong>illustrem</strong></span> <span class='ocrx_word' id='word_1_695' title='bbox 364 5641 600 5706; x_wconf 79' lang='lat' dir='ltr'><strong>Pancrarlocant.</strong></span> <span class='ocrx_word' id='word_1_696' title='bbox 608 5645 682 5706; x_wconf 83' lang='lat' dir='ltr'><strong>llam</strong></span> <span class='ocrx_word' id='word_1_697' title='bbox 690 5661 757 5706; x_wconf 88' lang='lat' dir='ltr'><strong>eam</strong></span> <span class='ocrx_word' id='word_1_698' title='bbox 765 5649 900 5724; x_wconf 88' lang='lat' dir='ltr'><strong>ternpore</strong></span> <span class='ocrx_word' id='word_1_699' title='bbox 952 5644 1056 5707; x_wconf 76' lang='lat' dir='ltr'><strong>saculi</strong></span> <span class='ocrx_word' id='word_1_700' title='bbox 1070 5645 1117 5701; x_wconf 91' lang='lat' dir='ltr'><strong>lll.</strong></span> 
     </span>
    </p>
   </div>
   <div class='ocr_carea' id='block_1_8' title="bbox 0 0 1980 6176">
    <p class='ocr_par' dir='ltr' id='par_1_8' title="bbox 0 0 1980 6176">
     <span class='ocr_line' id='line_1_60' title="bbox 0 0 1980 6176; baseline 0 5"><span class='ocrx_word' id='word_1_701' title='bbox 0 0 1980 6176; x_wconf 95' lang='lat' dir='ltr'><strong> </strong></span> 
     </span>
    </p>
   </div>
  </div>
 </body>
</html>
