<?xml version="1.0" encoding="UTF-8"?>
<!DOCTYPE html PUBLIC "-//W3C//DTD XHTML 1.0 Transitional//EN"
    "http://www.w3.org/TR/xhtml1/DTD/xhtml1-transitional.dtd">
<html xmlns="http://www.w3.org/1999/xhtml" xml:lang="en" lang="en">
 <head>
  <title>
</title>
<meta http-equiv="Content-Type" content="text/html;charset=utf-8" />
  <meta name='ocr-system' content='tesseract 3.04.00' />
  <meta name='ocr-capabilities' content='ocr_page ocr_carea ocr_par ocr_line ocrx_word'/>
</head>
<body>
  <div class='ocr_page' id='page_1' title='image "./patrologiaecurs96unkngoog_0306.png"; bbox 0 0 3862 6170; ppageno 0'>
   <div class='ocr_carea' id='block_1_1' title="bbox 242 341 1849 440">
    <p class='ocr_par' dir='ltr' id='par_1_1' title="bbox 242 341 1849 440">
     <span class='ocr_line' id='line_1_1' title="bbox 242 341 1849 440; baseline -0.003 -15"><span class='ocrx_word' id='word_1_1' title='bbox 242 370 294 426; x_wconf 84' lang='lat' dir='ltr'><strong>noa</strong></span> <span class='ocrx_word' id='word_1_2' title='bbox 756 341 1387 425; x_wconf 78' lang='lat' dir='ltr'><strong>noarcovrsuomcuruorssrtuansrs</strong></span> <span class='ocrx_word' id='word_1_3' title='bbox 1808 383 1849 440; x_wconf 61' lang='lat' dir='ltr'><strong>g,</strong></span> 
     </span>
    </p>
   </div>
   <div class='ocr_carea' id='block_1_2' title="bbox 189 483 1920 5706">
    <p class='ocr_par' dir='ltr' id='par_1_2' title="bbox 189 483 1920 5706">
     <span class='ocr_line' id='line_1_2' title="bbox 245 483 1850 570; baseline 0.007 -28"><span class='ocrx_word' id='word_1_4' title='bbox 245 486 402 542; x_wconf 83' lang='lat' dir='ltr'><strong>satallane</strong></span> <span class='ocrx_word' id='word_1_5' title='bbox 412 483 649 540; x_wconf 69' lang='lat' dir='ltr'>consuetudinem</span> <span class='ocrx_word' id='word_1_6' title='bbox 666 484 702 540; x_wconf 90' lang='lat' dir='ltr'><strong>ab</strong></span> <span class='ocrx_word' id='word_1_7' title='bbox 716 483 915 558; x_wconf 88' lang='lat' dir='ltr'><strong>insipientibus</strong></span> <span class='ocrx_word' id='word_1_8' title='bbox 925 488 955 541; x_wconf 87' lang='lat' dir='ltr'><strong>et</strong></span> <span class='ocrx_word' id='word_1_9' title='bbox 964 485 1049 540; x_wconf 88' lang='lat' dir='ltr'><strong>rusti·</strong></span> <span class='ocrx_word' id='word_1_10' title='bbox 1059 490 1087 550; x_wconf 80' lang='grc' dir='ltr'><strong>Α</strong></span> <span class='ocrx_word' id='word_1_11' title='bbox 1096 486 1192 560; x_wconf 87' lang='lat' dir='ltr'><strong>paucis</strong></span> <span class='ocrx_word' id='word_1_12' title='bbox 1207 485 1353 558; x_wconf 76' lang='lat' dir='ltr'><strong>militibus,</strong></span> <span class='ocrx_word' id='word_1_13' title='bbox 1364 490 1468 559; x_wconf 87' lang='lat' dir='ltr'><strong>optans</strong></span> <span class='ocrx_word' id='word_1_14' title='bbox 1485 486 1576 560; x_wconf 88' lang='lat' dir='ltr'><strong>magis</strong></span> <span class='ocrx_word' id='word_1_15' title='bbox 1590 487 1657 544; x_wconf 90' lang='lat' dir='ltr'><strong>mori</strong></span> <span class='ocrx_word' id='word_1_16' title='bbox 1668 505 1744 562; x_wconf 85' lang='lat' dir='ltr'><strong>qnam</strong></span> <span class='ocrx_word' id='word_1_17' title='bbox 1753 499 1850 570; x_wconf 80' lang='lat' dir='ltr'><strong>amplius</strong></span> 
     </span>
     <span class='ocr_line' id='line_1_3' title="bbox 245 571 1851 653; baseline 0.006 -23"><span class='ocrx_word' id='word_1_18' title='bbox 245 575 285 629; x_wconf 91' lang='lat' dir='ltr'><strong>cis</strong></span> <span class='ocrx_word' id='word_1_19' title='bbox 300 573 392 630; x_wconf 91' lang='lat' dir='ltr'><strong>adhuc</strong></span> <span class='ocrx_word' id='word_1_20' title='bbox 404 572 490 627; x_wconf 92' lang='lat' dir='ltr'><strong>etiam</strong></span> <span class='ocrx_word' id='word_1_21' title='bbox 501 571 662 626; x_wconf 87' lang='lat' dir='ltr'><strong>conservari</strong></span> <span class='ocrx_word' id='word_1_22' title='bbox 677 572 756 643; x_wconf 84' lang='lat' dir='ltr'><strong>quasi</strong></span> <span class='ocrx_word' id='word_1_23' title='bbox 777 589 919 642; x_wconf 84' lang='lat' dir='ltr'><strong>veracem,</strong></span> <span class='ocrx_word' id='word_1_24' title='bbox 931 590 997 628; x_wconf 90' lang='lat' dir='ltr'><strong>cum</strong></span> <span class='ocrx_word' id='word_1_25' title='bbox 1017 591 1051 628; x_wconf 84' lang='lat' dir='ltr'><strong>ex</strong></span> <span class='ocrx_word' id='word_1_26' title='bbox 1101 574 1204 638; x_wconf 87' lang='lat' dir='ltr'><strong>vivere,</strong></span> <span class='ocrx_word' id='word_1_27' title='bbox 1214 592 1278 632; x_wconf 93' lang='lat' dir='ltr'><strong>cum</strong></span> <span class='ocrx_word' id='word_1_28' title='bbox 1290 575 1354 646; x_wconf 86' lang='lat' dir='ltr'><strong>jam</strong></span> <span class='ocrx_word' id='word_1_29' title='bbox 1382 575 1502 650; x_wconf 88' lang='lat' dir='ltr'><strong>dispersi</strong></span> <span class='ocrx_word' id='word_1_30' title='bbox 1528 579 1619 632; x_wconf 79' lang='lat' dir='ltr'><strong>essent</strong></span> <span class='ocrx_word' id='word_1_31' title='bbox 1630 577 1665 633; x_wconf 91' lang='lat' dir='ltr'><strong>ad</strong></span> <span class='ocrx_word' id='word_1_32' title='bbox 1686 581 1851 653; x_wconf 73' lang='lat' dir='ltr'><strong>predandam,</strong></span> 
     </span>
     <span class='ocr_line' id='line_1_4' title="bbox 246 659 1854 742; baseline 0.007 -25"><span class='ocrx_word' id='word_1_33' title='bbox 246 664 307 717; x_wconf 89' lang='lat' dir='ltr'><strong>toto</strong></span> <span class='ocrx_word' id='word_1_34' title='bbox 322 659 418 716; x_wconf 91' lang='lat' dir='ltr'><strong>inanis</strong></span> <span class='ocrx_word' id='word_1_35' title='bbox 437 660 473 714; x_wconf 92' lang='lat' dir='ltr'><strong>sit</strong></span> <span class='ocrx_word' id='word_1_36' title='bbox 488 663 517 715; x_wconf 90' lang='lat' dir='ltr'><strong>et</strong></span> <span class='ocrx_word' id='word_1_37' title='bbox 539 659 710 732; x_wconf 86' lang='lat' dir='ltr'><strong>abjicienda,</strong></span> <span class='ocrx_word' id='word_1_38' title='bbox 738 661 854 732; x_wconf 80' lang='lat' dir='ltr'><strong>plurimi</strong></span> <span class='ocrx_word' id='word_1_39' title='bbox 876 664 1049 718; x_wconf 90' lang='lat' dir='ltr'><strong>asseverant.</strong></span> <span class='ocrx_word' id='word_1_40' title='bbox 1101 662 1181 734; x_wconf 89' lang='lat' dir='ltr'><strong>quasi</strong></span> <span class='ocrx_word' id='word_1_41' title='bbox 1192 680 1224 718; x_wconf 86' lang='lat' dir='ltr'><strong>er</strong></span> <span class='ocrx_word' id='word_1_42' title='bbox 1240 662 1395 736; x_wconf 91' lang='lat' dir='ltr'><strong>improviso</strong></span> <span class='ocrx_word' id='word_1_43' title='bbox 1410 662 1535 718; x_wconf 89' lang='lat' dir='ltr'><strong>inimicis</strong></span> <span class='ocrx_word' id='word_1_44' title='bbox 1543 665 1695 734; x_wconf 90' lang='lat' dir='ltr'><strong>occurrit,et</strong></span> <span class='ocrx_word' id='word_1_45' title='bbox 1706 683 1749 723; x_wconf 85' lang='lat' dir='ltr'><strong>eos</strong></span> <span class='ocrx_word' id='word_1_46' title='bbox 1757 669 1854 742; x_wconf 88' lang='lat' dir='ltr'><strong>impera·</strong></span> 
     </span>
     <span class='ocr_line' id='line_1_5' title="bbox 244 748 1855 827; baseline 0.007 -23"><span class='ocrx_word' id='word_1_47' title='bbox 244 748 323 804; x_wconf 83' lang='lat' dir='ltr'><strong>Abiit</strong></span> <span class='ocrx_word' id='word_1_48' title='bbox 334 749 447 815; x_wconf 87' lang='lat' dir='ltr'><strong>mulier,</strong></span> <span class='ocrx_word' id='word_1_49' title='bbox 464 752 493 804; x_wconf 88' lang='lat' dir='ltr'><strong>et</strong></span> <span class='ocrx_word' id='word_1_50' title='bbox 509 748 686 804; x_wconf 85' lang='lat' dir='ltr'><strong>obdormivit</strong></span> <span class='ocrx_word' id='word_1_51' title='bbox 698 749 735 816; x_wconf 91' lang='lat' dir='ltr'><strong>ei,</strong></span> <span class='ocrx_word' id='word_1_52' title='bbox 754 749 887 806; x_wconf 88' lang='lat' dir='ltr'><strong>lamenei</strong></span> <span class='ocrx_word' id='word_1_53' title='bbox 898 750 927 805; x_wconf 92' lang='lat' dir='ltr'><strong>in</strong></span> <span class='ocrx_word' id='word_1_54' title='bbox 942 751 1051 807; x_wconf 91' lang='lat' dir='ltr'><strong>somnis</strong></span> <span class='ocrx_word' id='word_1_55' title='bbox 1100 752 1145 804; x_wconf 89' lang='lat' dir='ltr'><strong>tos</strong></span> <span class='ocrx_word' id='word_1_56' title='bbox 1159 750 1309 806; x_wconf 86' lang='lat' dir='ltr'><strong>inveniens</strong></span> <span class='ocrx_word' id='word_1_57' title='bbox 1321 752 1410 808; x_wconf 89' lang='lat' dir='ltr'><strong>veluti</strong></span> <span class='ocrx_word' id='word_1_58' title='bbox 1422 754 1523 824; x_wconf 89' lang='lat' dir='ltr'><strong>vulgus</strong></span> <span class='ocrx_word' id='word_1_59' title='bbox 1549 751 1669 824; x_wconf 85' lang='lat' dir='ltr'><strong>ignobile</strong></span> <span class='ocrx_word' id='word_1_60' title='bbox 1695 760 1855 827; x_wconf 72' lang='lat' dir='ltr'><strong>supernatet</strong></span> 
     </span>
     <span class='ocr_line' id='line_1_6' title="bbox 245 836 1856 917; baseline 0.006 -24"><span class='ocrx_word' id='word_1_61' title='bbox 245 837 345 894; x_wconf 89' lang='lat' dir='ltr'><strong>llctitia</strong></span> <span class='ocrx_word' id='word_1_62' title='bbox 359 837 440 910; x_wconf 87' lang='lat' dir='ltr'><strong>quasi</strong></span> <span class='ocrx_word' id='word_1_63' title='bbox 454 837 608 908; x_wconf 76' lang='lat' dir='ltr'><strong>praesentia</strong></span> <span class='ocrx_word' id='word_1_64' title='bbox 620 836 819 893; x_wconf 90' lang='lat' dir='ltr'><strong>demonstrata</strong></span> <span class='ocrx_word' id='word_1_65' title='bbox 836 842 912 893; x_wconf 83' lang='lat' dir='ltr'><strong>suut.</strong></span> <span class='ocrx_word' id='word_1_66' title='bbox 932 839 1009 894; x_wconf 86' lang='lat' dir='ltr'><strong>Vidit</strong></span> <span class='ocrx_word' id='word_1_67' title='bbox 1022 839 1051 894; x_wconf 90' lang='lat' dir='ltr'><strong>in</strong></span> <span class='ocrx_word' id='word_1_68' title='bbox 1102 853 1203 893; x_wconf 93' lang='lat' dir='ltr'><strong>eorum</strong></span> <span class='ocrx_word' id='word_1_69' title='bbox 1214 855 1314 911; x_wconf 87' lang='lat' dir='ltr'><strong>regem</strong></span> <span class='ocrx_word' id='word_1_70' title='bbox 1330 840 1426 913; x_wconf 90' lang='lat' dir='ltr'><strong>gladio</strong></span> <span class='ocrx_word' id='word_1_71' title='bbox 1436 841 1710 908; x_wconf 85' lang='lat' dir='ltr'><strong>trucidavit,uxorem</strong></span> <span class='ocrx_word' id='word_1_72' title='bbox 1723 843 1820 917; x_wconf 90' lang='lat' dir='ltr'><strong>insuper</strong></span> <span class='ocrx_word' id='word_1_73' title='bbox 1831 864 1856 903; x_wconf 90' lang='lat' dir='ltr'><strong>ac</strong></span> 
     </span>
     <span class='ocr_line' id='line_1_7' title="bbox 246 924 1857 1002; baseline 0.004 -19"><span class='ocrx_word' id='word_1_74' title='bbox 246 926 356 984; x_wconf 91' lang='lat' dir='ltr'><strong>somnis</strong></span> <span class='ocrx_word' id='word_1_75' title='bbox 364 925 444 998; x_wconf 80' lang='lat' dir='ltr'><strong>quasi</strong></span> <span class='ocrx_word' id='word_1_76' title='bbox 453 925 488 980; x_wconf 90' lang='lat' dir='ltr'><strong>de</strong></span> <span class='ocrx_word' id='word_1_77' title='bbox 504 925 638 981; x_wconf 83' lang='lat' dir='ltr'><strong>umbilico</strong></span> <span class='ocrx_word' id='word_1_78' title='bbox 655 927 761 982; x_wconf 91' lang='lat' dir='ltr'><strong>ventris</strong></span> <span class='ocrx_word' id='word_1_79' title='bbox 775 926 817 981; x_wconf 89' lang='lat' dir='ltr'><strong>sui</strong></span> <span class='ocrx_word' id='word_1_80' title='bbox 826 927 902 983; x_wconf 82' lang='lat' dir='ltr'><strong>exire</strong></span> <span class='ocrx_word' id='word_1_81' title='bbox 917 929 1051 982; x_wconf 83' lang='lat' dir='ltr'><strong>arborem</strong></span> <span class='ocrx_word' id='word_1_82' title='bbox 1101 926 1206 982; x_wconf 90' lang='lat' dir='ltr'><strong>liberos</strong></span> <span class='ocrx_word' id='word_1_83' title='bbox 1221 924 1857 1002; x_wconf 85' lang='lat' dir='ltr'><strong>interiecit,regnumqueetgentemlierulorum</strong></span> 
     </span>
     <span class='ocr_line' id='line_1_8' title="bbox 245 1012 1859 1092; baseline 0.004 -22"><span class='ocrx_word' id='word_1_84' title='bbox 245 1014 386 1070; x_wconf 88' lang='lat' dir='ltr'><strong>excelsam</strong></span> <span class='ocrx_word' id='word_1_85' title='bbox 398 1018 427 1069; x_wconf 88' lang='lat' dir='ltr'><strong>et</strong></span> <span class='ocrx_word' id='word_1_86' title='bbox 435 1012 647 1082; x_wconf 89' lang='lat' dir='ltr'><strong>sublimem‚ita</strong></span> <span class='ocrx_word' id='word_1_87' title='bbox 655 1018 687 1069; x_wconf 87' lang='lat' dir='ltr'><strong>ut</strong></span> <span class='ocrx_word' id='word_1_88' title='bbox 693 1032 767 1086; x_wconf 90' lang='lat' dir='ltr'><strong>pene</strong></span> <span class='ocrx_word' id='word_1_89' title='bbox 781 1015 900 1071; x_wconf 90' lang='lat' dir='ltr'><strong>nubium</strong></span> <span class='ocrx_word' id='word_1_90' title='bbox 907 1015 1051 1072; x_wconf 88' lang='lat' dir='ltr'><strong>altitudini</strong></span> <span class='ocrx_word' id='word_1_91' title='bbox 1102 1021 1131 1072; x_wconf 87' lang='lat' dir='ltr'><strong>et</strong></span> <span class='ocrx_word' id='word_1_92' title='bbox 1142 1017 1488 1090; x_wconf 86' lang='lat' dir='ltr'><strong>nominisdignitatemad</strong></span> <span class='ocrx_word' id='word_1_93' title='bbox 1499 1019 1619 1074; x_wconf 91' lang='lat' dir='ltr'><strong>nihilum</strong></span> <span class='ocrx_word' id='word_1_94' title='bbox 1633 1035 1715 1092; x_wconf 82' lang='lat' dir='ltr'><strong>usque</strong></span> <span class='ocrx_word' id='word_1_95' title='bbox 1728 1020 1859 1089; x_wconf 83' lang='lat' dir='ltr'><strong>deduxit,et</strong></span> 
     </span>
     <span class='ocr_line' id='line_1_9' title="bbox 243 1101 1860 1181; baseline 0.003 -23"><span class='ocrx_word' id='word_1_96' title='bbox 243 1102 387 1174; x_wconf 77' lang='lat' dir='ltr'><strong>coaequari</strong></span> <span class='ocrx_word' id='word_1_97' title='bbox 399 1101 543 1157; x_wconf 88' lang='lat' dir='ltr'><strong>videretur</strong></span> <span class='ocrx_word' id='word_1_98' title='bbox 556 1119 562 1156; x_wconf 94' lang='lat'><strong>:</strong></span> <span class='ocrx_word' id='word_1_99' title='bbox 575 1102 666 1157; x_wconf 85' lang='lat' dir='ltr'><strong>filium</strong></span> <span class='ocrx_word' id='word_1_100' title='bbox 682 1103 813 1159; x_wconf 83' lang='lat' dir='ltr'><strong>videlicet</strong></span> <span class='ocrx_word' id='word_1_101' title='bbox 823 1104 949 1177; x_wconf 87' lang='lat' dir='ltr'><strong>signans,</strong></span> <span class='ocrx_word' id='word_1_102' title='bbox 959 1104 1008 1176; x_wconf 88' lang='lat' dir='ltr'><strong>qui</strong></span> <span class='ocrx_word' id='word_1_103' title='bbox 1019 1121 1051 1159; x_wconf 83' lang='lat' dir='ltr'><strong>ex</strong></span> <span class='ocrx_word' id='word_1_104' title='bbox 1102 1120 1203 1160; x_wconf 85' lang='lat' dir='ltr'><strong>eorum</strong></span> <span class='ocrx_word' id='word_1_105' title='bbox 1219 1105 1314 1178; x_wconf 88' lang='lat' dir='ltr'><strong>spoliis</strong></span> <span class='ocrx_word' id='word_1_106' title='bbox 1329 1105 1436 1161; x_wconf 89' lang='lat' dir='ltr'><strong>ditatus</strong></span> <span class='ocrx_word' id='word_1_107' title='bbox 1450 1107 1503 1174; x_wconf 88' lang='lat' dir='ltr'><strong>est,</strong></span> <span class='ocrx_word' id='word_1_108' title='bbox 1516 1106 1557 1161; x_wconf 87' lang='lat' dir='ltr'><strong>ita</strong></span> <span class='ocrx_word' id='word_1_109' title='bbox 1571 1109 1602 1162; x_wconf 88' lang='lat' dir='ltr'><strong>ut</strong></span> <span class='ocrx_word' id='word_1_110' title='bbox 1613 1107 1713 1163; x_wconf 85' lang='lat' dir='ltr'><strong>Ghroesi</strong></span> <span class='ocrx_word' id='word_1_111' title='bbox 1724 1123 1783 1181; x_wconf 84' lang='lat' dir='ltr'><strong>opes</strong></span> <span class='ocrx_word' id='word_1_112' title='bbox 1793 1123 1860 1180; x_wconf 69' lang='lat' dir='ltr'><strong>supe·</strong></span> 
     </span>
     <span class='ocr_line' id='line_1_10' title="bbox 243 1195 1860 1274; baseline 0 -20"><span class='ocrx_word' id='word_1_113' title='bbox 243 1200 326 1254; x_wconf 87' lang='lat' dir='ltr'><strong>utero</strong></span> <span class='ocrx_word' id='word_1_114' title='bbox 341 1199 683 1269; x_wconf 83' lang='lat' dir='ltr'><strong>illiusgenerauduserat.</strong></span> <span class='ocrx_word' id='word_1_115' title='bbox 692 1201 725 1255; x_wconf 88' lang='lat' dir='ltr'><strong>El</strong></span> <span class='ocrx_word' id='word_1_116' title='bbox 736 1201 869 1273; x_wconf 75' lang='lat' dir='ltr'><strong>evigilabo</strong></span> <span class='ocrx_word' id='word_1_117' title='bbox 878 1217 1051 1274; x_wconf 76' lang='lat' dir='ltr'><strong>praepavore</strong></span> <span class='ocrx_word' id='word_1_118' title='bbox 1102 1209 1178 1249; x_wconf 77' lang='lat' dir='ltr'><strong>rasse</strong></span> <span class='ocrx_word' id='word_1_119' title='bbox 1191 1211 1220 1249; x_wconf 82' lang='lat' dir='ltr'><strong>se</strong></span> <span class='ocrx_word' id='word_1_120' title='bbox 1232 1195 1372 1252; x_wconf 79' lang='lat' dir='ltr'><strong>crederet.</strong></span> <span class='ocrx_word' id='word_1_121' title='bbox 1388 1196 1447 1251; x_wconf 81' lang='lat' dir='ltr'><strong>Hoc</strong></span> <span class='ocrx_word' id='word_1_122' title='bbox 1460 1197 1652 1252; x_wconf 77' lang='lat' dir='ltr'><strong>cumrelatum</strong></span> <span class='ocrx_word' id='word_1_123' title='bbox 1662 1197 1751 1252; x_wconf 82' lang='lat' dir='ltr'><strong>luisset</strong></span> <span class='ocrx_word' id='word_1_124' title='bbox 1761 1196 1860 1270; x_wconf 81' lang='lat' dir='ltr'><strong>impero·</strong></span> 
     </span>
     <span class='ocr_line' id='line_1_11' title="bbox 246 1282 1863 1361; baseline 0.002 -24"><span class='ocrx_word' id='word_1_125' title='bbox 246 1286 374 1342; x_wconf 79' lang='lat' dir='ltr'><strong>narravit</strong></span> <span class='ocrx_word' id='word_1_126' title='bbox 395 1286 455 1343; x_wconf 81' lang='lat' dir='ltr'><strong>viro</strong></span> <span class='ocrx_word' id='word_1_127' title='bbox 473 1303 523 1342; x_wconf 84' lang='lat' dir='ltr'><strong>suo</strong></span> <span class='ocrx_word' id='word_1_128' title='bbox 543 1288 700 1356; x_wconf 83' lang='lat' dir='ltr'><strong>somnium,</strong></span> <span class='ocrx_word' id='word_1_129' title='bbox 726 1289 842 1361; x_wconf 75' lang='lat' dir='ltr'><strong>insuper</strong></span> <span class='ocrx_word' id='word_1_130' title='bbox 862 1293 891 1346; x_wconf 67' lang='lat' dir='ltr'><strong>el</strong></span> <span class='ocrx_word' id='word_1_131' title='bbox 910 1293 1052 1346; x_wconf 69' lang='lat' dir='ltr'><strong>secretum</strong></span> <span class='ocrx_word' id='word_1_132' title='bbox 1101 1282 1168 1352; x_wconf 88' lang='lat' dir='ltr'><strong>tori,</strong></span> <span class='ocrx_word' id='word_1_133' title='bbox 1181 1283 1314 1338; x_wconf 86' lang='lat' dir='ltr'><strong>extimuit</strong></span> <span class='ocrx_word' id='word_1_134' title='bbox 1325 1283 1458 1357; x_wconf 91' lang='lat' dir='ltr'><strong>protinus</strong></span> <span class='ocrx_word' id='word_1_135' title='bbox 1477 1283 1658 1340; x_wconf 80' lang='lat' dir='ltr'><strong>assimiliter</strong></span> <span class='ocrx_word' id='word_1_136' title='bbox 1679 1285 1799 1341; x_wconf 85' lang='lat' dir='ltr'><strong>adversas</strong></span> <span class='ocrx_word' id='word_1_137' title='bbox 1812 1301 1863 1340; x_wconf 86' lang='lat' dir='ltr'><strong>eun</strong></span> 
     </span>
     <span class='ocr_line' id='line_1_12' title="bbox 247 1369 1863 1445; baseline 0.003 -24"><span class='ocrx_word' id='word_1_138' title='bbox 247 1375 373 1432; x_wconf 55' lang='lat' dir='ltr'><strong>domines</strong></span> <span class='ocrx_word' id='word_1_139' title='bbox 390 1393 447 1431; x_wconf 82' lang='lat' dir='ltr'><strong>suae</strong></span> <span class='ocrx_word' id='word_1_140' title='bbox 461 1377 501 1431; x_wconf 79' lang='lat' dir='ltr'><strong>nil</strong></span> <span class='ocrx_word' id='word_1_141' title='bbox 522 1381 636 1433; x_wconf 67' lang='lat' dir='ltr'><strong>morata</strong></span> <span class='ocrx_word' id='word_1_142' title='bbox 655 1378 784 1433; x_wconf 72' lang='lat' dir='ltr'><strong>nudavit,</strong></span> <span class='ocrx_word' id='word_1_143' title='bbox 802 1378 870 1443; x_wconf 55' lang='grc' dir='ltr'><strong>ουρ</strong></span> <span class='ocrx_word' id='word_1_144' title='bbox 886 1395 951 1434; x_wconf 68' lang='lat' dir='ltr'><strong>cum</strong></span> <span class='ocrx_word' id='word_1_145' title='bbox 966 1395 1052 1434; x_wconf 70' lang='lat' dir='ltr'><strong>mane</strong></span> <span class='ocrx_word' id='word_1_146' title='bbox 1102 1369 1257 1442; x_wconf 88' lang='lat' dir='ltr'><strong>aliquando</strong></span> <span class='ocrx_word' id='word_1_147' title='bbox 1267 1371 1526 1443; x_wconf 86' lang='lat' dir='ltr'><strong>ermacorriperet‚</strong></span> <span class='ocrx_word' id='word_1_148' title='bbox 1539 1375 1569 1428; x_wconf 87' lang='lat' dir='ltr'><strong>et</strong></span> <span class='ocrx_word' id='word_1_149' title='bbox 1584 1389 1648 1428; x_wconf 88' lang='lat' dir='ltr'><strong>enm</strong></span> <span class='ocrx_word' id='word_1_150' title='bbox 1662 1373 1715 1428; x_wconf 89' lang='lat' dir='ltr'><strong>vita</strong></span> <span class='ocrx_word' id='word_1_151' title='bbox 1727 1373 1832 1445; x_wconf 83' lang='lat' dir='ltr'><strong>privarat</strong></span> <span class='ocrx_word' id='word_1_152' title='bbox 1843 1375 1863 1428; x_wconf 88' lang='lat' dir='ltr'><strong>et</strong></span> 
     </span>
     <span class='ocr_line' id='line_1_13' title="bbox 244 1458 1866 1534; baseline 0.005 -17"><span class='ocrx_word' id='word_1_153' title='bbox 244 1463 413 1520; x_wconf 75' lang='lat' dir='ltr'><strong>surrexisset</strong></span> <span class='ocrx_word' id='word_1_154' title='bbox 424 1464 526 1520; x_wconf 88' lang='lat' dir='ltr'><strong>edocta</strong></span> <span class='ocrx_word' id='word_1_155' title='bbox 544 1482 561 1520; x_wconf 93' lang='lat' dir='ltr'><strong>a</strong></span> <span class='ocrx_word' id='word_1_156' title='bbox 582 1465 699 1534; x_wconf 84' lang='lat' dir='ltr'><strong>marito,</strong></span> <span class='ocrx_word' id='word_1_157' title='bbox 718 1483 776 1521; x_wconf 92' lang='lat' dir='ltr'><strong>non</strong></span> <span class='ocrx_word' id='word_1_158' title='bbox 792 1469 823 1521; x_wconf 90' lang='lat' dir='ltr'><strong>ut</strong></span> <span class='ocrx_word' id='word_1_159' title='bbox 839 1469 984 1533; x_wconf 82' lang='lat' dir='ltr'><strong>evenerat,</strong></span> <span class='ocrx_word' id='word_1_160' title='bbox 1002 1467 1053 1522; x_wconf 89' lang='lat' dir='ltr'><strong>scd</strong></span> <span class='ocrx_word' id='word_1_161' title='bbox 1103 1458 1322 1531; x_wconf 88' lang='lat' dir='ltr'><strong>imperio.Tunc</strong></span> <span class='ocrx_word' id='word_1_162' title='bbox 1334 1460 1423 1515; x_wconf 72' lang='lat' dir='ltr'><strong>etiam</strong></span> <span class='ocrx_word' id='word_1_163' title='bbox 1436 1463 1466 1515; x_wconf 80' lang='grc' dir='ltr'><strong>θῑ</strong></span> <span class='ocrx_word' id='word_1_164' title='bbox 1480 1477 1646 1532; x_wconf 69' lang='lat' dir='ltr'><strong>persuasum</strong></span> <span class='ocrx_word' id='word_1_165' title='bbox 1655 1460 1866 1533; x_wconf 66' lang='lat' dir='ltr'><strong>estimpelttotit</strong></span> 
     </span>
     <span class='ocr_line' id='line_1_14' title="bbox 244 1549 1866 1623; baseline -0.002 -17"><span class='ocrx_word' id='word_1_166' title='bbox 244 1551 348 1606; x_wconf 84' lang='lat' dir='ltr'><strong>fallens</strong></span> <span class='ocrx_word' id='word_1_167' title='bbox 372 1552 522 1610; x_wconf 90' lang='lat' dir='ltr'><strong>dominam</strong></span> <span class='ocrx_word' id='word_1_168' title='bbox 549 1570 631 1608; x_wconf 85' lang='lat' dir='ltr'><strong>suam</strong></span> <span class='ocrx_word' id='word_1_169' title='bbox 648 1554 675 1608; x_wconf 92' lang='lat' dir='ltr'><strong>ei</strong></span> <span class='ocrx_word' id='word_1_170' title='bbox 695 1555 778 1610; x_wconf 87' lang='lat' dir='ltr'><strong>aliter</strong></span> <span class='ocrx_word' id='word_1_171' title='bbox 808 1558 850 1610; x_wconf 89' lang='lat' dir='ltr'><strong>est</strong></span> <span class='ocrx_word' id='word_1_172' title='bbox 871 1557 975 1611; x_wconf 89' lang='lat' dir='ltr'><strong>locuta.</strong></span> <span class='ocrx_word' id='word_1_173' title='bbox 1000 1556 1051 1622; x_wconf 87' lang='lat' dir='ltr'><strong>En,</strong></span> <span class='ocrx_word' id='word_1_174' title='bbox 1104 1549 1276 1623; x_wconf 89' lang='lat' dir='ltr'><strong>quibusdam</strong></span> <span class='ocrx_word' id='word_1_175' title='bbox 1286 1549 1408 1616; x_wconf 87' lang='lat' dir='ltr'><strong>aemulis,</strong></span> <span class='ocrx_word' id='word_1_176' title='bbox 1423 1549 1866 1621; x_wconf 85' lang='lat' dir='ltr'><strong>quibusTheodericiliberalitaset</strong></span> 
     </span>
     <span class='ocr_line' id='line_1_15' title="bbox 244 1637 1868 1714; baseline -0.004 -19"><span class='ocrx_word' id='word_1_177' title='bbox 244 1639 348 1712; x_wconf 86' lang='lat' dir='ltr'><strong>inquit,</strong></span> <span class='ocrx_word' id='word_1_178' title='bbox 360 1640 480 1696; x_wconf 92' lang='lat' dir='ltr'><strong>domina</strong></span> <span class='ocrx_word' id='word_1_179' title='bbox 495 1657 570 1709; x_wconf 90' lang='lat' dir='ltr'><strong>mea,</strong></span> <span class='ocrx_word' id='word_1_180' title='bbox 581 1645 629 1696; x_wconf 87' lang='lat' dir='ltr'><strong>tua</strong></span> <span class='ocrx_word' id='word_1_181' title='bbox 647 1643 734 1697; x_wconf 89' lang='lat' dir='ltr'><strong>verba</strong></span> <span class='ocrx_word' id='word_1_182' title='bbox 749 1658 959 1710; x_wconf 86' lang='lat' dir='ltr'><strong>rememorans,</strong></span> <span class='ocrx_word' id='word_1_183' title='bbox 971 1643 1054 1714; x_wconf 83' lang='lat' dir='ltr'><strong>juxta</strong></span> <span class='ocrx_word' id='word_1_184' title='bbox 1103 1637 1441 1710; x_wconf 87' lang='lat' dir='ltr'><strong>prudentiadisplicebat,</strong></span> <span class='ocrx_word' id='word_1_185' title='bbox 1449 1638 1498 1709; x_wconf 89' lang='lat' dir='ltr'><strong>qui</strong></span> <span class='ocrx_word' id='word_1_186' title='bbox 1506 1655 1574 1694; x_wconf 89' lang='lat' dir='ltr'><strong>eum</strong></span> <span class='ocrx_word' id='word_1_187' title='bbox 1581 1653 1692 1711; x_wconf 84' lang='lat' dir='ltr'><strong>quoque</strong></span> <span class='ocrx_word' id='word_1_188' title='bbox 1701 1639 1868 1694; x_wconf 82' lang='lat' dir='ltr'><strong>accusaverant</strong></span> 
     </span>
     <span class='ocr_line' id='line_1_16' title="bbox 208 1724 1866 1804; baseline -0.004 -22"><span class='ocrx_word' id='word_1_189' title='bbox 208 1745 210 1749; x_wconf 93' lang='lat'>·</span> <span class='ocrx_word' id='word_1_190' title='bbox 244 1727 337 1782; x_wconf 93' lang='lat' dir='ltr'><strong>virum</strong></span> <span class='ocrx_word' id='word_1_191' title='bbox 354 1728 408 1783; x_wconf 89' lang='lat' dir='ltr'><strong>hac</strong></span> <span class='ocrx_word' id='word_1_192' title='bbox 423 1732 508 1784; x_wconf 92' lang='lat' dir='ltr'><strong>nocte</strong></span> <span class='ocrx_word' id='word_1_193' title='bbox 524 1729 696 1796; x_wconf 85' lang='lat' dir='ltr'><strong>obdormivi,</strong></span> <span class='ocrx_word' id='word_1_194' title='bbox 713 1733 742 1784; x_wconf 89' lang='lat' dir='ltr'><strong>et</strong></span> <span class='ocrx_word' id='word_1_195' title='bbox 756 1731 813 1786; x_wconf 88' lang='lat' dir='ltr'><strong>vidi</strong></span> <span class='ocrx_word' id='word_1_196' title='bbox 836 1747 889 1804; x_wconf 91' lang='lat' dir='ltr'><strong>per</strong></span> <span class='ocrx_word' id='word_1_197' title='bbox 908 1732 1051 1786; x_wconf 88' lang='lat' dir='ltr'><strong>somnium</strong></span> <span class='ocrx_word' id='word_1_198' title='bbox 1103 1726 1225 1782; x_wconf 85' lang='lat' dir='ltr'><strong>crimine</strong></span> <span class='ocrx_word' id='word_1_199' title='bbox 1237 1727 1372 1798; x_wconf 89' lang='lat' dir='ltr'><strong>pessimo,</strong></span> <span class='ocrx_word' id='word_1_200' title='bbox 1386 1728 1419 1780; x_wconf 92' lang='lat' dir='ltr'><strong>nt</strong></span> <span class='ocrx_word' id='word_1_201' title='bbox 1430 1726 1640 1782; x_wconf 82' lang='lat' dir='ltr'><strong>Theodericum</strong></span> <span class='ocrx_word' id='word_1_202' title='bbox 1654 1726 1704 1782; x_wconf 92' lang='lat' dir='ltr'><strong>sub</strong></span> <span class='ocrx_word' id='word_1_203' title='bbox 1714 1724 1866 1781; x_wconf 80' lang='lat' dir='ltr'><strong>festinatione</strong></span> 
     </span>
     <span class='ocr_line' id='line_1_17' title="bbox 245 1804 1868 1891; baseline -0.002 -30"><span class='ocrx_word' id='word_1_204' title='bbox 245 1817 327 1890; x_wconf 71' lang='lat' dir='ltr'><strong>quasi</strong></span> <span class='ocrx_word' id='word_1_205' title='bbox 338 1832 445 1889; x_wconf 73' lang='lat' dir='ltr'><strong>equum</strong></span> <span class='ocrx_word' id='word_1_206' title='bbox 459 1820 489 1873; x_wconf 67' lang='lat' dir='ltr'><strong>el</strong></span> <span class='ocrx_word' id='word_1_207' title='bbox 500 1833 604 1890; x_wconf 72' lang='lat' dir='ltr'><strong>equam</strong></span> <span class='ocrx_word' id='word_1_208' title='bbox 619 1819 750 1874; x_wconf 72' lang='lat' dir='ltr'><strong>omnium</strong></span> <span class='ocrx_word' id='word_1_209' title='bbox 763 1819 924 1891; x_wconf 47' lang='lat' dir='ltr'><strong>pulchior&amp;</strong></span> <span class='ocrx_word' id='word_1_210' title='bbox 940 1818 1054 1891; x_wconf 62' lang='lat' dir='ltr'><strong>ingredi</strong></span> <span class='ocrx_word' id='word_1_211' title='bbox 1065 1804 1091 1865; x_wconf 91' lang='lat' dir='ltr'>B</span> <span class='ocrx_word' id='word_1_212' title='bbox 1104 1807 1175 1862; x_wconf 84' lang='lat' dir='ltr'><strong>adse</strong></span> <span class='ocrx_word' id='word_1_213' title='bbox 1195 1807 1293 1862; x_wconf 92' lang='lat' dir='ltr'><strong>venire</strong></span> <span class='ocrx_word' id='word_1_214' title='bbox 1315 1806 1485 1879; x_wconf 73' lang='lat' dir='ltr'><strong>praeciperet</strong></span> <span class='ocrx_word' id='word_1_215' title='bbox 1494 1809 1524 1862; x_wconf 90' lang='lat' dir='ltr'><strong>et</strong></span> <span class='ocrx_word' id='word_1_216' title='bbox 1532 1823 1601 1862; x_wconf 93' lang='lat' dir='ltr'><strong>eum</strong></span> <span class='ocrx_word' id='word_1_217' title='bbox 1607 1807 1663 1862; x_wconf 85' lang='lat' dir='ltr'><strong>vila</strong></span> <span class='ocrx_word' id='word_1_218' title='bbox 1673 1804 1868 1878; x_wconf 78' lang='lat' dir='ltr'><strong>privaretl&#39;heo-</strong></span> 
     </span>
     <span class='ocr_line' id='line_1_18' title="bbox 245 1889 1870 1981; baseline 0.003 -21"><span class='ocrx_word' id='word_1_219' title='bbox 245 1904 276 1960; x_wconf 90' lang='lat' dir='ltr'><strong>in</strong></span> <span class='ocrx_word' id='word_1_220' title='bbox 293 1905 414 1961; x_wconf 90' lang='lat' dir='ltr'><strong>domum</strong></span> <span class='ocrx_word' id='word_1_221' title='bbox 429 1906 615 1962; x_wconf 89' lang='lat' dir='ltr'><strong>dominorum</strong></span> <span class='ocrx_word' id='word_1_222' title='bbox 628 1924 854 1980; x_wconf 88' lang='lat' dir='ltr'><strong>meorum,quos</strong></span> <span class='ocrx_word' id='word_1_223' title='bbox 867 1909 1054 1981; x_wconf 88' lang='lat' dir='ltr'><strong>subsequeba·</strong></span> <span class='ocrx_word' id='word_1_224' title='bbox 1082 1927 1085 1930; x_wconf 90' lang='lat'>·</span> <span class='ocrx_word' id='word_1_225' title='bbox 1104 1896 1216 1951; x_wconf 63' lang='lat' dir='ltr'><strong>defiffls</strong></span> <span class='ocrx_word' id='word_1_226' title='bbox 1228 1895 1317 1967; x_wconf 57' lang='lat' dir='ltr'><strong>igitur</strong></span> <span class='ocrx_word' id='word_1_227' title='bbox 1332 1894 1402 1950; x_wconf 69' lang='lat' dir='ltr'><strong>nihil</strong></span> <span class='ocrx_word' id='word_1_228' title='bbox 1423 1894 1481 1951; x_wconf 62' lang='lat'>‘¹⁰¹5</span> <span class='ocrx_word' id='word_1_229' title='bbox 1495 1895 1665 1968; x_wconf 62' lang='lat' dir='ltr'><strong>⁵¹¹⁵P5⁰³i¹¹⁸s</strong></span> <span class='ocrx_word' id='word_1_230' title='bbox 1684 1910 1746 1951; x_wconf 73' lang='lat'><strong>⁰¹¹¹¹¹</strong></span> <span class='ocrx_word' id='word_1_231' title='bbox 1772 1895 1800 1949; x_wconf 57' lang='grc' dir='ltr'><em>η</em></span> <span class='ocrx_word' id='word_1_232' title='bbox 1822 1889 1870 1946; x_wconf 63' lang='lat' dir='ltr'><strong>mil·</strong></span> 
     </span>
     <span class='ocr_line' id='line_1_19' title="bbox 243 1986 1919 2070; baseline -0.005 -22"><span class='ocrx_word' id='word_1_233' title='bbox 243 1996 293 2048; x_wconf 88' lang='lat' dir='ltr'><strong>tur</strong></span> <span class='ocrx_word' id='word_1_234' title='bbox 306 1995 400 2067; x_wconf 92' lang='lat' dir='ltr'><strong>pullus</strong></span> <span class='ocrx_word' id='word_1_235' title='bbox 411 1994 513 2050; x_wconf 90' lang='lat' dir='ltr'><strong>habilis</strong></span> <span class='ocrx_word' id='word_1_236' title='bbox 528 1999 557 2050; x_wconf 91' lang='lat' dir='ltr'><strong>et</strong></span> <span class='ocrx_word' id='word_1_237' title='bbox 567 1995 687 2051; x_wconf 88' lang='lat' dir='ltr'><strong>lascivus</strong></span> <span class='ocrx_word' id='word_1_238' title='bbox 703 2013 755 2052; x_wconf 87' lang='lat' dir='ltr'><strong>sue</strong></span> <span class='ocrx_word' id='word_1_239' title='bbox 770 1997 982 2070; x_wconf 73' lang='lat' dir='ltr'><strong>pulchritudine</strong></span> <span class='ocrx_word' id='word_1_240' title='bbox 1007 2015 1052 2053; x_wconf 84' lang='lat' dir='ltr'><strong>su.</strong></span> <span class='ocrx_word' id='word_1_241' title='bbox 1103 1992 1177 2048; x_wconf 91' lang='lat' dir='ltr'><strong>libus</strong></span> <span class='ocrx_word' id='word_1_242' title='bbox 1191 1991 1414 2048; x_wconf 87' lang='lat' dir='ltr'><strong>fortissimorum</strong></span> <span class='ocrx_word' id='word_1_243' title='bbox 1434 1992 1612 2048; x_wconf 87' lang='lat' dir='ltr'><strong>bellatorum</strong></span> <span class='ocrx_word' id='word_1_244' title='bbox 1628 1986 1871 2059; x_wconf 79' lang='lat' dir='ltr'><strong>Constantinopolim</strong></span> <span class='ocrx_word' id='word_1_245' title='bbox 1918 2057 1919 2062; x_wconf 8' lang='grc' dir='ltr'>η</span> 
     </span>
     <span class='ocr_line' id='line_1_20' title="bbox 244 2074 1872 2156; baseline -0.005 -20"><span class='ocrx_word' id='word_1_246' title='bbox 244 2097 350 2153; x_wconf 85' lang='lat' dir='ltr'><strong>perans</strong></span> <span class='ocrx_word' id='word_1_247' title='bbox 364 2099 467 2138; x_wconf 91' lang='lat' dir='ltr'><strong>omues</strong></span> <span class='ocrx_word' id='word_1_248' title='bbox 481 2099 584 2156; x_wconf 80' lang='lat' dir='ltr'><strong>greges</strong></span> <span class='ocrx_word' id='word_1_249' title='bbox 602 2101 753 2156; x_wconf 88' lang='lat' dir='ltr'><strong>equorum.</strong></span> <span class='ocrx_word' id='word_1_250' title='bbox 1104 2097 1192 2153; x_wconf 88' lang='lat' dir='ltr'><strong>usque</strong></span> <span class='ocrx_word' id='word_1_251' title='bbox 1203 2079 1378 2154; x_wconf 89' lang='lat' dir='ltr'><strong>properavit,</strong></span> <span class='ocrx_word' id='word_1_252' title='bbox 1402 2080 1485 2136; x_wconf 87' lang='lat' dir='ltr'><strong>etsie</strong></span> <span class='ocrx_word' id='word_1_253' title='bbox 1504 2079 1630 2136; x_wconf 90' lang='lat' dir='ltr'><strong>occurrit</strong></span> <span class='ocrx_word' id='word_1_254' title='bbox 1652 2075 1814 2151; x_wconf 91' lang='lat' dir='ltr'><strong>imperatori.</strong></span> <span class='ocrx_word' id='word_1_255' title='bbox 1832 2074 1872 2129; x_wconf 85' lang='lat' dir='ltr'><strong>lle-</strong></span> 
     </span>
     <span class='ocr_line' id='line_1_21' title="bbox 281 2162 1919 2247; baseline -0.007 -22"><span class='ocrx_word' id='word_1_256' title='bbox 281 2170 329 2226; x_wconf 82' lang='lat' dir='ltr'><strong>llis</strong></span> <span class='ocrx_word' id='word_1_257' title='bbox 347 2171 461 2240; x_wconf 88' lang='lat' dir='ltr'><strong>auditis,</strong></span> <span class='ocrx_word' id='word_1_258' title='bbox 485 2172 591 2228; x_wconf 88' lang='lat' dir='ltr'><strong>ldatins</strong></span> <span class='ocrx_word' id='word_1_259' title='bbox 610 2176 639 2228; x_wconf 89' lang='lat' dir='ltr'><strong>et</strong></span> <span class='ocrx_word' id='word_1_260' title='bbox 659 2174 788 2246; x_wconf 88' lang='lat' dir='ltr'><strong>Eugeuia</strong></span> <span class='ocrx_word' id='word_1_261' title='bbox 809 2177 983 2247; x_wconf 89' lang='lat' dir='ltr'><strong>putaverunt</strong></span> <span class='ocrx_word' id='word_1_262' title='bbox 1001 2174 1053 2230; x_wconf 91' lang='lat' dir='ltr'><strong>sibi</strong></span> <span class='ocrx_word' id='word_1_263' title='bbox 1103 2173 1214 2226; x_wconf 89' lang='lat' dir='ltr'><strong>cretum</strong></span> <span class='ocrx_word' id='word_1_264' title='bbox 1227 2168 1333 2224; x_wconf 88' lang='lat' dir='ltr'><strong>eratab</strong></span> <span class='ocrx_word' id='word_1_265' title='bbox 1345 2168 1588 2225; x_wconf 86' lang='lat' dir='ltr'><strong>universosenatu</strong></span> <span class='ocrx_word' id='word_1_266' title='bbox 1603 2172 1705 2224; x_wconf 91' lang='lat' dir='ltr'><strong>utcum</strong></span> <span class='ocrx_word' id='word_1_267' title='bbox 1715 2162 1873 2221; x_wconf 83' lang='lat' dir='ltr'><strong>Theodericus</strong></span> <span class='ocrx_word' id='word_1_268' title='bbox 1918 2173 1919 2180; x_wconf 55' lang='lat'>¹</span> 
     </span>
     <span class='ocr_line' id='line_1_22' title="bbox 243 2250 1875 2334; baseline -0.006 -21"><span class='ocrx_word' id='word_1_269' title='bbox 243 2258 1052 2334; x_wconf 79' lang='lat' dir='ltr'><strong>sobolemadfuturam,et0bhancgratiamrheodericum</strong></span> <span class='ocrx_word' id='word_1_270' title='bbox 1103 2260 1179 2315; x_wconf 91' lang='lat' dir='ltr'><strong>solus</strong></span> <span class='ocrx_word' id='word_1_271' title='bbox 1193 2257 1395 2330; x_wconf 86' lang='lat' dir='ltr'><strong>ingrederetur</strong></span> <span class='ocrx_word' id='word_1_272' title='bbox 1405 2257 1557 2329; x_wconf 89' lang='lat' dir='ltr'><strong>palatium,</strong></span> <span class='ocrx_word' id='word_1_273' title='bbox 1571 2255 1753 2313; x_wconf 89' lang='lat' dir='ltr'><strong>membratim</strong></span> <span class='ocrx_word' id='word_1_274' title='bbox 1760 2250 1875 2308; x_wconf 81' lang='lat' dir='ltr'><strong>scindere·</strong></span> 
     </span>
     <span class='ocr_line' id='line_1_23' title="bbox 245 2335 1876 2418; baseline -0.006 -18"><span class='ocrx_word' id='word_1_275' title='bbox 245 2349 274 2401; x_wconf 90' lang='lat' dir='ltr'><strong>el</strong></span> <span class='ocrx_word' id='word_1_276' title='bbox 283 2345 384 2402; x_wconf 87' lang='lat' dir='ltr'><strong>Liliam</strong></span> <span class='ocrx_word' id='word_1_277' title='bbox 395 2347 526 2403; x_wconf 89' lang='lat' dir='ltr'><strong>libertate</strong></span> <span class='ocrx_word' id='word_1_278' title='bbox 536 2349 726 2418; x_wconf 86' lang='lat' dir='ltr'><strong>donaverunt,</strong></span> <span class='ocrx_word' id='word_1_279' title='bbox 737 2355 766 2406; x_wconf 89' lang='lat' dir='ltr'><strong>et</strong></span> <span class='ocrx_word' id='word_1_280' title='bbox 782 2351 878 2406; x_wconf 85' lang='lat' dir='ltr'><strong>multis</strong></span> <span class='ocrx_word' id='word_1_281' title='bbox 887 2351 1054 2407; x_wconf 89' lang='lat' dir='ltr'><strong>muneribus</strong></span> <span class='ocrx_word' id='word_1_282' title='bbox 1103 2351 1150 2404; x_wconf 89' lang='lat' dir='ltr'><strong>tur</strong></span> <span class='ocrx_word' id='word_1_283' title='bbox 1162 2349 1249 2414; x_wconf 87' lang='lat' dir='ltr'><strong>totus,</strong></span> <span class='ocrx_word' id='word_1_284' title='bbox 1266 2349 1295 2402; x_wconf 89' lang='lat' dir='ltr'><strong>ct</strong></span> <span class='ocrx_word' id='word_1_285' title='bbox 1307 2345 1348 2402; x_wconf 90' lang='lat' dir='ltr'><strong>ita</strong></span> <span class='ocrx_word' id='word_1_286' title='bbox 1357 2345 1392 2401; x_wconf 90' lang='lat' dir='ltr'><strong>de</strong></span> <span class='ocrx_word' id='word_1_287' title='bbox 1402 2345 1498 2402; x_wconf 80' lang='lat' dir='ltr'><strong>medio</strong></span> <span class='ocrx_word' id='word_1_288' title='bbox 1508 2345 1668 2402; x_wconf 80' lang='lat' dir='ltr'><strong>viventium</strong></span> <span class='ocrx_word' id='word_1_289' title='bbox 1680 2344 1822 2400; x_wconf 86' lang='lat' dir='ltr'><strong>tolleretur.</strong></span> <span class='ocrx_word' id='word_1_290' title='bbox 1834 2335 1876 2392; x_wconf 85' lang='lat' dir='ltr'><strong>Sed</strong></span> 
     </span>
     <span class='ocr_line' id='line_1_24' title="bbox 246 2424 1878 2512; baseline -0.007 -23"><span class='ocrx_word' id='word_1_291' title='bbox 246 2434 418 2490; x_wconf 85' lang='lat' dir='ltr'><strong>ditaverunt.</strong></span> <span class='ocrx_word' id='word_1_292' title='bbox 444 2435 622 2507; x_wconf 82' lang='lat' dir='ltr'><strong>Conceptum</strong></span> <span class='ocrx_word' id='word_1_293' title='bbox 646 2455 768 2510; x_wconf 91' lang='lat' dir='ltr'><strong>puerum</strong></span> <span class='ocrx_word' id='word_1_294' title='bbox 792 2437 862 2494; x_wconf 89' lang='lat' dir='ltr'><strong>Lilia</strong></span> <span class='ocrx_word' id='word_1_295' title='bbox 883 2439 1004 2512; x_wconf 88' lang='lat' dir='ltr'><strong>peperit,</strong></span> <span class='ocrx_word' id='word_1_296' title='bbox 1025 2442 1054 2494; x_wconf 89' lang='lat' dir='ltr'><strong>et</strong></span> <span class='ocrx_word' id='word_1_297' title='bbox 1104 2435 1253 2492; x_wconf 81' lang='lat' dir='ltr'><strong>Ptolemaei</strong></span> <span class='ocrx_word' id='word_1_298' title='bbox 1269 2435 1354 2491; x_wconf 90' lang='lat' dir='ltr'><strong>amici</strong></span> <span class='ocrx_word' id='word_1_299' title='bbox 1369 2434 1412 2490; x_wconf 93' lang='lat' dir='ltr'><strong>sui</strong></span> <span class='ocrx_word' id='word_1_300' title='bbox 1427 2434 1545 2491; x_wconf 87' lang='lat' dir='ltr'><strong>consilio</strong></span> <span class='ocrx_word' id='word_1_301' title='bbox 1557 2436 1741 2492; x_wconf 87' lang='lat' dir='ltr'><strong>conservatus</strong></span> <span class='ocrx_word' id='word_1_302' title='bbox 1754 2433 1781 2486; x_wconf 87' lang='lat' dir='ltr'><strong>ct</strong></span> <span class='ocrx_word' id='word_1_303' title='bbox 1796 2424 1878 2484; x_wconf 87' lang='lat' dir='ltr'><strong>astulia</strong></span> 
     </span>
     <span class='ocr_line' id='line_1_25' title="bbox 244 2515 1878 2597; baseline -0.006 -18"><span class='ocrx_word' id='word_1_304' title='bbox 244 2523 355 2579; x_wconf 90' lang='lat' dir='ltr'><strong>vocavit</strong></span> <span class='ocrx_word' id='word_1_305' title='bbox 366 2540 433 2579; x_wconf 92' lang='lat' dir='ltr'><strong>eum</strong></span> <span class='ocrx_word' id='word_1_306' title='bbox 448 2524 567 2580; x_wconf 89' lang='lat' dir='ltr'><strong>nomine</strong></span> <span class='ocrx_word' id='word_1_307' title='bbox 582 2525 943 2597; x_wconf 84' lang='lat' dir='ltr'><strong>patrissui&#39;lheodericum.</strong></span> <span class='ocrx_word' id='word_1_308' title='bbox 960 2527 1055 2584; x_wconf 87' lang='lat' dir='ltr'><strong>Crevit</strong></span> <span class='ocrx_word' id='word_1_309' title='bbox 1103 2525 1239 2581; x_wconf 88' lang='lat' dir='ltr'><strong>liberatus</strong></span> <span class='ocrx_word' id='word_1_310' title='bbox 1264 2527 1316 2579; x_wconf 87' lang='lat' dir='ltr'><strong>est.</strong></span> <span class='ocrx_word' id='word_1_311' title='bbox 1344 2522 1469 2578; x_wconf 76' lang='lat' dir='ltr'><strong>Accessit</strong></span> <span class='ocrx_word' id='word_1_312' title='bbox 1483 2522 1563 2579; x_wconf 92' lang='lat' dir='ltr'><strong>enim</strong></span> <span class='ocrx_word' id='word_1_313' title='bbox 1586 2522 1625 2579; x_wconf 85' lang='lat' dir='ltr'><strong>ad</strong></span> <span class='ocrx_word' id='word_1_314' title='bbox 1648 2522 1846 2594; x_wconf 81' lang='lat' dir='ltr'><strong>imperatorem,</strong></span> <span class='ocrx_word' id='word_1_315' title='bbox 1858 2515 1878 2566; x_wconf 85' lang='lat' dir='ltr'><strong>el</strong></span> 
     </span>
     <span class='ocr_line' id='line_1_26' title="bbox 246 2601 1880 2686; baseline -0.002 -20"><span class='ocrx_word' id='word_1_316' title='bbox 246 2627 328 2684; x_wconf 90' lang='lat' dir='ltr'><strong>puer,</strong></span> <span class='ocrx_word' id='word_1_317' title='bbox 339 2613 532 2668; x_wconf 87' lang='lat' dir='ltr'><strong>etablactatus</strong></span> <span class='ocrx_word' id='word_1_318' title='bbox 548 2615 601 2680; x_wconf 85' lang='lat' dir='ltr'><strong>est,</strong></span> <span class='ocrx_word' id='word_1_319' title='bbox 619 2617 648 2669; x_wconf 89' lang='lat' dir='ltr'><strong>et</strong></span> <span class='ocrx_word' id='word_1_320' title='bbox 660 2614 801 2686; x_wconf 88' lang='lat' dir='ltr'><strong>adoptans</strong></span> <span class='ocrx_word' id='word_1_321' title='bbox 817 2632 884 2671; x_wconf 89' lang='lat' dir='ltr'><strong>eum</strong></span> <span class='ocrx_word' id='word_1_322' title='bbox 901 2616 1006 2671; x_wconf 89' lang='lat' dir='ltr'><strong>idatius</strong></span> <span class='ocrx_word' id='word_1_323' title='bbox 1022 2616 1052 2672; x_wconf 94' lang='lat' dir='ltr'><strong>in</strong></span> <span class='ocrx_word' id='word_1_324' title='bbox 1104 2613 1228 2669; x_wconf 85' lang='lat' dir='ltr'><strong>cumbis</strong></span> <span class='ocrx_word' id='word_1_325' title='bbox 1243 2613 1382 2668; x_wconf 88' lang='lat' dir='ltr'><strong>allocutus</strong></span> <span class='ocrx_word' id='word_1_326' title='bbox 1397 2613 1440 2666; x_wconf 90' lang='lat' dir='ltr'><strong>est</strong></span> <span class='ocrx_word' id='word_1_327' title='bbox 1454 2610 1548 2668; x_wconf 79' lang='lat' dir='ltr'><strong>verbis</strong></span> <span class='ocrx_word' id='word_1_328' title='bbox 1564 2627 1572 2666; x_wconf 74' lang='grc' dir='ltr'>ε</span> <span class='ocrx_word' id='word_1_329' title='bbox 1586 2633 1600 2663; x_wconf 79' lang='lat' dir='ltr'><strong>a</strong></span> <span class='ocrx_word' id='word_1_330' title='bbox 1617 2611 1770 2684; x_wconf 87' lang='lat' dir='ltr'><strong>Indignum</strong></span> <span class='ocrx_word' id='word_1_331' title='bbox 1782 2601 1880 2662; x_wconf 80' lang='lat' dir='ltr'><strong>nimian</strong></span> 
     </span>
     <span class='ocr_line' id='line_1_27' title="bbox 245 2689 1920 2777; baseline -0.007 -23"><span class='ocrx_word' id='word_1_332' title='bbox 245 2699 348 2768; x_wconf 92' lang='lat' dir='ltr'><strong>sslium,</strong></span> <span class='ocrx_word' id='word_1_333' title='bbox 357 2716 423 2756; x_wconf 90' lang='lat' dir='ltr'><strong>cum</strong></span> <span class='ocrx_word' id='word_1_334' title='bbox 433 2701 514 2756; x_wconf 91' lang='lat' dir='ltr'><strong>omni</strong></span> <span class='ocrx_word' id='word_1_335' title='bbox 527 2701 677 2773; x_wconf 89' lang='lat' dir='ltr'><strong>diligentia</strong></span> <span class='ocrx_word' id='word_1_336' title='bbox 687 2719 753 2758; x_wconf 90' lang='lat' dir='ltr'><strong>eum</strong></span> <span class='ocrx_word' id='word_1_337' title='bbox 765 2703 892 2760; x_wconf 89' lang='lat' dir='ltr'><strong>enutrire</strong></span> <span class='ocrx_word' id='word_1_338' title='bbox 904 2705 1051 2777; x_wconf 86' lang='lat' dir='ltr'><strong>praecepit.</strong></span> <span class='ocrx_word' id='word_1_339' title='bbox 1104 2706 1147 2757; x_wconf 86' lang='lat' dir='ltr'><strong>est</strong></span> <span class='ocrx_word' id='word_1_340' title='bbox 1159 2699 1303 2772; x_wconf 82' lang='lat' dir='ltr'><strong>maJ‘estati</strong></span> <span class='ocrx_word' id='word_1_341' title='bbox 1318 2703 1430 2768; x_wconf 74' lang='lat' dir='ltr'><strong>vestrae,</strong></span> <span class='ocrx_word' id='word_1_342' title='bbox 1447 2698 1567 2756; x_wconf 92' lang='lat' dir='ltr'><strong>domine</strong></span> <span class='ocrx_word' id='word_1_343' title='bbox 1584 2699 1625 2755; x_wconf 93' lang='lat' dir='ltr'><strong>mi</strong></span> <span class='ocrx_word' id='word_1_344' title='bbox 1643 2698 1803 2770; x_wconf 87' lang='lat' dir='ltr'><strong>imperator,</strong></span> <span class='ocrx_word' id='word_1_345' title='bbox 1816 2695 1841 2746; x_wconf 91' lang='lat' dir='ltr'><strong>nt</strong></span> <span class='ocrx_word' id='word_1_346' title='bbox 1852 2689 1880 2743; x_wconf 87' lang='lat' dir='ltr'><strong>sic</strong></span> <span class='ocrx_word' id='word_1_347' title='bbox 1919 2723 1920 2726; x_wconf 55' lang='lat'><em>=</em></span> 
     </span>
     <span class='ocr_line' id='line_1_28' title="bbox 244 2777 1881 2863; baseline -0.004 -20"><span class='ocrx_word' id='word_1_348' title='bbox 244 2788 307 2843; x_wconf 82' lang='lat' dir='ltr'><strong>Fuit</strong></span> <span class='ocrx_word' id='word_1_349' title='bbox 316 2787 396 2844; x_wconf 89' lang='lat' dir='ltr'><strong>enim</strong></span> <span class='ocrx_word' id='word_1_350' title='bbox 406 2788 527 2844; x_wconf 88' lang='lat' dir='ltr'><strong>decorus</strong></span> <span class='ocrx_word' id='word_1_351' title='bbox 536 2793 662 2861; x_wconf 86' lang='lat' dir='ltr'><strong>aspectu,</strong></span> <span class='ocrx_word' id='word_1_352' title='bbox 680 2794 788 2848; x_wconf 91' lang='lat' dir='ltr'><strong>statura</strong></span> <span class='ocrx_word' id='word_1_353' title='bbox 802 2808 949 2863; x_wconf 90' lang='lat' dir='ltr'><strong>procerus,</strong></span> <span class='ocrx_word' id='word_1_354' title='bbox 965 2810 1052 2848; x_wconf 79' lang='lat' dir='ltr'><strong>saecu·</strong></span> <span class='ocrx_word' id='word_1_355' title='bbox 1103 2789 1303 2846; x_wconf 77' lang='lat' dir='ltr'><strong>fraudulenter</strong></span> <span class='ocrx_word' id='word_1_356' title='bbox 1314 2789 1403 2844; x_wconf 93' lang='lat' dir='ltr'><strong>homo</strong></span> <span class='ocrx_word' id='word_1_357' title='bbox 1419 2786 1467 2842; x_wconf 89' lang='lat' dir='ltr'><strong>ille</strong></span> <span class='ocrx_word' id='word_1_358' title='bbox 1482 2787 1675 2844; x_wconf 82' lang='lat' dir='ltr'><strong>interficiatur</strong></span> <span class='ocrx_word' id='word_1_359' title='bbox 1689 2784 1823 2855; x_wconf 85' lang='lat' dir='ltr'><strong>sinelege‚</strong></span> <span class='ocrx_word' id='word_1_360' title='bbox 1835 2777 1881 2834; x_wconf 78' lang='lat' dir='ltr'><strong>sine</strong></span> 
     </span>
     <span class='ocr_line' id='line_1_29' title="bbox 242 2861 1883 2953; baseline -0.007 -22"><span class='ocrx_word' id='word_1_361' title='bbox 242 2861 296 2931; x_wconf 89' lang='lat' dir='ltr'><strong>lari</strong></span> <span class='ocrx_word' id='word_1_362' title='bbox 318 2875 471 2947; x_wconf 90' lang='lat' dir='ltr'><strong>prudentia</strong></span> <span class='ocrx_word' id='word_1_363' title='bbox 488 2879 518 2932; x_wconf 89' lang='lat' dir='ltr'><strong>et</strong></span> <span class='ocrx_word' id='word_1_364' title='bbox 542 2877 697 2934; x_wconf 84' lang='lat' dir='ltr'><strong>calliditate</strong></span> <span class='ocrx_word' id='word_1_365' title='bbox 723 2878 861 2947; x_wconf 91' lang='lat' dir='ltr'><strong>munitus,</strong></span> <span class='ocrx_word' id='word_1_366' title='bbox 878 2882 907 2935; x_wconf 88' lang='lat' dir='ltr'><strong>et</strong></span> <span class='ocrx_word' id='word_1_367' title='bbox 926 2881 1054 2953; x_wconf 91' lang='lat' dir='ltr'><strong>corporis</strong></span> <span class='ocrx_word' id='word_1_368' title='bbox 1101 2877 1221 2950; x_wconf 84' lang='lat' dir='ltr'><strong>judicio,</strong></span> <span class='ocrx_word' id='word_1_369' title='bbox 1232 2877 1271 2931; x_wconf 92' lang='lat' dir='ltr'><strong>sic</strong></span> <span class='ocrx_word' id='word_1_370' title='bbox 1282 2879 1430 2950; x_wconf 81' lang='lat' dir='ltr'><strong>separetur</strong></span> <span class='ocrx_word' id='word_1_371' title='bbox 1442 2893 1459 2932; x_wconf 89' lang='lat' dir='ltr'><strong>a</strong></span> <span class='ocrx_word' id='word_1_372' title='bbox 1473 2875 1542 2940; x_wconf 88' lang='lat' dir='ltr'><strong>suis,</strong></span> <span class='ocrx_word' id='word_1_373' title='bbox 1558 2876 1600 2932; x_wconf 89' lang='lat' dir='ltr'><strong>sic</strong></span> <span class='ocrx_word' id='word_1_374' title='bbox 1617 2873 1793 2949; x_wconf 88' lang='lat' dir='ltr'><strong>opprimatur</strong></span> <span class='ocrx_word' id='word_1_375' title='bbox 1815 2885 1829 2922; x_wconf 91' lang='lat' dir='ltr'><strong>a</strong></span> <span class='ocrx_word' id='word_1_376' title='bbox 1846 2881 1883 2920; x_wconf 91' lang='lat' dir='ltr'><strong>no·</strong></span> 
     </span>
     <span class='ocr_line' id='line_1_30' title="bbox 245 2957 1882 3042; baseline -0.007 -23"><span class='ocrx_word' id='word_1_377' title='bbox 245 2963 336 3019; x_wconf 89' lang='lat' dir='ltr'><strong>nimia</strong></span> <span class='ocrx_word' id='word_1_378' title='bbox 360 2963 529 3022; x_wconf 86' lang='lat' dir='ltr'><strong>fortitudine</strong></span> <span class='ocrx_word' id='word_1_379' title='bbox 552 2965 775 3040; x_wconf 87' lang='lat' dir='ltr'><strong>circonspectus.</strong></span> <span class='ocrx_word' id='word_1_380' title='bbox 796 2968 937 3025; x_wconf 77' lang='lat' dir='ltr'><strong>Defuncto</strong></span> <span class='ocrx_word' id='word_1_381' title='bbox 968 2969 1055 3042; x_wconf 91' lang='lat' dir='ltr'><strong>igitur</strong></span> <span class='ocrx_word' id='word_1_382' title='bbox 1105 2965 1178 3021; x_wconf 88' lang='lat' dir='ltr'><strong>stris.</strong></span> <span class='ocrx_word' id='word_1_383' title='bbox 1195 2963 1277 3020; x_wconf 88' lang='lat' dir='ltr'><strong>Prius</strong></span> <span class='ocrx_word' id='word_1_384' title='bbox 1306 2963 1439 3020; x_wconf 92' lang='lat' dir='ltr'><strong>omnihus</strong></span> <span class='ocrx_word' id='word_1_385' title='bbox 1461 2980 1546 3020; x_wconf 81' lang='lat' dir='ltr'><strong>carisa</strong></span> <span class='ocrx_word' id='word_1_386' title='bbox 1573 2962 1706 3020; x_wconf 88' lang='lat' dir='ltr'><strong>criminis</strong></span> <span class='ocrx_word' id='word_1_387' title='bbox 1728 2957 1882 3032; x_wconf 84' lang='lat' dir='ltr'><strong>exponatur;</strong></span> 
     </span>
     <span class='ocr_line' id='line_1_31' title="bbox 244 3041 1884 3141; baseline -0.007 -35"><span class='ocrx_word' id='word_1_388' title='bbox 244 3051 335 3107; x_wconf 90' lang='lat' dir='ltr'><strong>ldatio</strong></span> <span class='ocrx_word' id='word_1_389' title='bbox 353 3055 382 3108; x_wconf 92' lang='lat' dir='ltr'><strong>et</strong></span> <span class='ocrx_word' id='word_1_390' title='bbox 400 3053 537 3125; x_wconf 87' lang='lat' dir='ltr'><strong>Eugenia,</strong></span> <span class='ocrx_word' id='word_1_391' title='bbox 548 3053 644 3125; x_wconf 86' lang='lat' dir='ltr'><strong>jussus</strong></span> <span class='ocrx_word' id='word_1_392' title='bbox 659 3056 837 3113; x_wconf 86' lang='lat' dir='ltr'><strong>estmilitare</strong></span> <span class='ocrx_word' id='word_1_393' title='bbox 850 3057 1052 3125; x_wconf 85' lang='lat' dir='ltr'><strong>Theodericus,</strong></span> <span class='ocrx_word' id='word_1_394' title='bbox 1067 3080 1091 3141; x_wconf 74' lang='lat' dir='ltr'>C</span> <span class='ocrx_word' id='word_1_395' title='bbox 1104 3053 1183 3125; x_wconf 91' lang='lat' dir='ltr'><strong>prius</strong></span> <span class='ocrx_word' id='word_1_396' title='bbox 1198 3053 1234 3108; x_wconf 90' lang='lat' dir='ltr'><strong>ad</strong></span> <span class='ocrx_word' id='word_1_397' title='bbox 1249 3069 1314 3108; x_wconf 91' lang='lat' dir='ltr'><strong>suos</strong></span> <span class='ocrx_word' id='word_1_398' title='bbox 1329 3053 1476 3108; x_wconf 86' lang='lat' dir='ltr'><strong>senatores</strong></span> <span class='ocrx_word' id='word_1_399' title='bbox 1487 3051 1577 3107; x_wconf 87' lang='lat' dir='ltr'><strong>etiam</strong></span> <span class='ocrx_word' id='word_1_400' title='bbox 1594 3051 1631 3108; x_wconf 92' lang='lat' dir='ltr'><strong>de</strong></span> <span class='ocrx_word' id='word_1_401' title='bbox 1639 3041 1884 3138; x_wconf 78' lang='lat' dir='ltr'><strong>curianostranohi¹</strong></span> 
     </span>
     <span class='ocr_line' id='line_1_32' title="bbox 244 3137 1885 3217; baseline -0.004 -23"><span class='ocrx_word' id='word_1_402' title='bbox 244 3140 322 3195; x_wconf 87' lang='lat' dir='ltr'><strong>etsie</strong></span> <span class='ocrx_word' id='word_1_403' title='bbox 334 3140 436 3196; x_wconf 88' lang='lat' dir='ltr'><strong>Leonis</strong></span> <span class='ocrx_word' id='word_1_404' title='bbox 451 3141 768 3215; x_wconf 88' lang='lat' dir='ltr'><strong>imperatorlsgretiam</strong></span> <span class='ocrx_word' id='word_1_405' title='bbox 782 3144 916 3214; x_wconf 89' lang='lat' dir='ltr'><strong>emeruit,</strong></span> <span class='ocrx_word' id='word_1_406' title='bbox 926 3145 1054 3217; x_wconf 87' lang='lat' dir='ltr'><strong>elimpe-</strong></span> <span class='ocrx_word' id='word_1_407' title='bbox 1105 3143 1191 3199; x_wconf 89' lang='lat' dir='ltr'><strong>liores</strong></span> <span class='ocrx_word' id='word_1_408' title='bbox 1206 3141 1368 3214; x_wconf 86' lang='lat' dir='ltr'><strong>dirigantur</strong></span> <span class='ocrx_word' id='word_1_409' title='bbox 1377 3139 1495 3212; x_wconf 87' lang='lat' dir='ltr'><strong>quirem</strong></span> <span class='ocrx_word' id='word_1_410' title='bbox 1510 3137 1839 3213; x_wconf 83' lang='lat' dir='ltr'><strong>diligenterexaminent,</strong></span> <span class='ocrx_word' id='word_1_411' title='bbox 1850 3145 1885 3201; x_wconf 79' lang='lat' dir='ltr'><strong>qut</strong></span> 
     </span>
     <span class='ocr_line' id='line_1_33' title="bbox 244 3225 1886 3304; baseline -0.006 -22"><span class='ocrx_word' id='word_1_412' title='bbox 244 3227 308 3284; x_wconf 85' lang='lat' dir='ltr'><strong>riali</strong></span> <span class='ocrx_word' id='word_1_413' title='bbox 323 3230 429 3302; x_wconf 89' lang='lat' dir='ltr'><strong>palatio</strong></span> <span class='ocrx_word' id='word_1_414' title='bbox 442 3231 519 3301; x_wconf 91' lang='lat' dir='ltr'><strong>apud</strong></span> <span class='ocrx_word' id='word_1_415' title='bbox 535 3230 816 3304; x_wconf 87' lang='lat' dir='ltr'><strong>Constantinopolim</strong></span> <span class='ocrx_word' id='word_1_416' title='bbox 831 3233 1017 3304; x_wconf 88' lang='lat' dir='ltr'><strong>ingenuitatis</strong></span> <span class='ocrx_word' id='word_1_417' title='bbox 1028 3237 1057 3289; x_wconf 89' lang='lat' dir='ltr'><strong>et</strong></span> <span class='ocrx_word' id='word_1_418' title='bbox 1106 3231 1300 3288; x_wconf 85' lang='lat' dir='ltr'><strong>offensionum</strong></span> <span class='ocrx_word' id='word_1_419' title='bbox 1313 3230 1411 3302; x_wconf 88' lang='lat' dir='ltr'><strong>culpas</strong></span> <span class='ocrx_word' id='word_1_420' title='bbox 1426 3228 1622 3300; x_wconf 88' lang='lat' dir='ltr'><strong>multiplicare</strong></span> <span class='ocrx_word' id='word_1_421' title='bbox 1637 3225 1886 3290; x_wconf 88' lang='lat' dir='ltr'><strong>didicemnt,ntcun</strong></span> 
     </span>
     <span class='ocr_line' id='line_1_34' title="bbox 243 3307 1888 3393; baseline -0.007 -21"><span class='ocrx_word' id='word_1_422' title='bbox 243 3317 370 3373; x_wconf 76' lang='lat' dir='ltr'><strong>audaciae</strong></span> <span class='ocrx_word' id='word_1_423' title='bbox 392 3334 500 3374; x_wconf 90' lang='lat' dir='ltr'><strong>nomen</strong></span> <span class='ocrx_word' id='word_1_424' title='bbox 517 3317 571 3374; x_wconf 89' lang='lat' dir='ltr'><strong>sibi</strong></span> <span class='ocrx_word' id='word_1_425' title='bbox 592 3319 742 3391; x_wconf 88' lang='lat' dir='ltr'><strong>acquisivit</strong></span> <span class='ocrx_word' id='word_1_426' title='bbox 762 3323 791 3375; x_wconf 89' lang='lat' dir='ltr'><strong>et</strong></span> <span class='ocrx_word' id='word_1_427' title='bbox 809 3320 937 3377; x_wconf 91' lang='lat' dir='ltr'><strong>laudem.</strong></span> <span class='ocrx_word' id='word_1_428' title='bbox 960 3323 1055 3377; x_wconf 88' lang='lat' dir='ltr'><strong>Ptole·</strong></span> <span class='ocrx_word' id='word_1_429' title='bbox 1106 3320 1142 3376; x_wconf 84' lang='lat' dir='ltr'><strong>ab</strong></span> <span class='ocrx_word' id='word_1_430' title='bbox 1158 3319 1284 3393; x_wconf 89' lang='lat' dir='ltr'><strong>utrisque</strong></span> <span class='ocrx_word' id='word_1_431' title='bbox 1301 3321 1395 3375; x_wconf 90' lang='lat' dir='ltr'><strong>morte</strong></span> <span class='ocrx_word' id='word_1_432' title='bbox 1407 3316 1843 3390; x_wconf 83' lang='lat' dir='ltr'><strong>dignusiueritjudicatus,tuus</strong></span> <span class='ocrx_word' id='word_1_433' title='bbox 1854 3307 1888 3362; x_wconf 83' lang='lat' dir='ltr'><strong>de</strong></span> 
     </span>
     <span class='ocr_line' id='line_1_35' title="bbox 244 3395 1890 3480; baseline -0.005 -19"><span class='ocrx_word' id='word_1_434' title='bbox 244 3421 336 3461; x_wconf 77' lang='lat' dir='ltr'><strong>meus</strong></span> <span class='ocrx_word' id='word_1_435' title='bbox 359 3405 479 3478; x_wconf 89' lang='lat' dir='ltr'><strong>quidam</strong></span> <span class='ocrx_word' id='word_1_436' title='bbox 500 3423 533 3461; x_wconf 83' lang='lat' dir='ltr'><strong>er</strong></span> <span class='ocrx_word' id='word_1_437' title='bbox 562 3407 708 3463; x_wconf 91' lang='lat' dir='ltr'><strong>senatorio</strong></span> <span class='ocrx_word' id='word_1_438' title='bbox 737 3408 838 3463; x_wconf 88' lang='lat' dir='ltr'><strong>ordine</strong></span> <span class='ocrx_word' id='word_1_439' title='bbox 853 3408 920 3463; x_wconf 90' lang='lat' dir='ltr'><strong>huic</strong></span> <span class='ocrx_word' id='word_1_440' title='bbox 935 3409 965 3465; x_wconf 92' lang='lat' dir='ltr'><strong>in</strong></span> <span class='ocrx_word' id='word_1_441' title='bbox 983 3409 1055 3466; x_wconf 89' lang='lat' dir='ltr'><strong>ami·</strong></span> <span class='ocrx_word' id='word_1_442' title='bbox 1106 3407 1216 3464; x_wconf 91' lang='lat' dir='ltr'><strong>centius</strong></span> <span class='ocrx_word' id='word_1_443' title='bbox 1231 3411 1317 3480; x_wconf 87' lang='lat' dir='ltr'><strong>atque</strong></span> <span class='ocrx_word' id='word_1_444' title='bbox 1335 3406 1453 3462; x_wconf 89' lang='lat' dir='ltr'><strong>liberius</strong></span> <span class='ocrx_word' id='word_1_445' title='bbox 1472 3408 1522 3461; x_wconf 89' lang='lat' dir='ltr'><strong>aut</strong></span> <span class='ocrx_word' id='word_1_446' title='bbox 1550 3406 1653 3462; x_wconf 89' lang='lat' dir='ltr'><strong>bestiis</strong></span> <span class='ocrx_word' id='word_1_447' title='bbox 1680 3395 1890 3474; x_wconf 67' lang='lat' dir='ltr'><strong>subrigebant</strong></span> 
     </span>
     <span class='ocr_line' id='line_1_36' title="bbox 189 3485 1890 3578; baseline -0.002 -31"><span class='ocrx_word' id='word_1_448' title='bbox 189 3563 197 3578; x_wconf 87' lang='lat'><strong><em>.</em></strong></span> <span class='ocrx_word' id='word_1_449' title='bbox 246 3491 345 3548; x_wconf 89' lang='lat' dir='ltr'><strong>citiam</strong></span> <span class='ocrx_word' id='word_1_450' title='bbox 376 3493 554 3564; x_wconf 87' lang='lat' dir='ltr'><strong>singularem</strong></span> <span class='ocrx_word' id='word_1_451' title='bbox 582 3494 623 3550; x_wconf 87' lang='lat' dir='ltr'><strong>ita</strong></span> <span class='ocrx_word' id='word_1_452' title='bbox 652 3495 801 3551; x_wconf 89' lang='lat' dir='ltr'><strong>devinctus</strong></span> <span class='ocrx_word' id='word_1_453' title='bbox 831 3513 893 3553; x_wconf 90' lang='lat' dir='ltr'><strong>esse</strong></span> <span class='ocrx_word' id='word_1_454' title='bbox 920 3497 1054 3566; x_wconf 82' lang='lat' dir='ltr'><strong>refertur,</strong></span> <span class='ocrx_word' id='word_1_455' title='bbox 1106 3485 1890 3570; x_wconf 76' lang='lat' dir='ltr'><strong>capitapuniatur,velsuspendiopereat.luterinvivus</strong></span> 
     </span>
     <span class='ocr_line' id='line_1_37' title="bbox 245 3569 1893 3655; baseline -0.007 -21"><span class='ocrx_word' id='word_1_456' title='bbox 245 3582 277 3635; x_wconf 91' lang='lat' dir='ltr'><strong>nt</strong></span> <span class='ocrx_word' id='word_1_457' title='bbox 293 3595 360 3634; x_wconf 88' lang='lat' dir='ltr'><strong>eum</strong></span> <span class='ocrx_word' id='word_1_458' title='bbox 380 3596 468 3652; x_wconf 89' lang='lat' dir='ltr'><strong>usque</strong></span> <span class='ocrx_word' id='word_1_459' title='bbox 498 3581 535 3636; x_wconf 89' lang='lat' dir='ltr'><strong>ad</strong></span> <span class='ocrx_word' id='word_1_460' title='bbox 559 3581 637 3638; x_wconf 84' lang='lat' dir='ltr'><strong>diem</strong></span> <span class='ocrx_word' id='word_1_461' title='bbox 661 3583 704 3638; x_wconf 89' lang='lat' dir='ltr'><strong>sui</strong></span> <span class='ocrx_word' id='word_1_462' title='bbox 726 3583 821 3639; x_wconf 92' lang='lat' dir='ltr'><strong>obitus</strong></span> <span class='ocrx_word' id='word_1_463' title='bbox 849 3601 900 3641; x_wconf 90' lang='lat' dir='ltr'><strong>suo</strong></span> <span class='ocrx_word' id='word_1_464' title='bbox 937 3586 1055 3643; x_wconf 87' lang='lat' dir='ltr'><strong>consilio</strong></span> <span class='ocrx_word' id='word_1_465' title='bbox 1107 3589 1240 3642; x_wconf 86' lang='lat' dir='ltr'><strong>teneatur</strong></span> <span class='ocrx_word' id='word_1_466' title='bbox 1263 3586 1293 3640; x_wconf 88' lang='lat' dir='ltr'><strong>et</strong></span> <span class='ocrx_word' id='word_1_467' title='bbox 1311 3583 1431 3640; x_wconf 90' lang='lat' dir='ltr'><strong>vinctus.</strong></span> <span class='ocrx_word' id='word_1_468' title='bbox 1446 3585 1488 3638; x_wconf 83' lang='lat' dir='ltr'><strong>En</strong></span> <span class='ocrx_word' id='word_1_469' title='bbox 1502 3586 1602 3655; x_wconf 85' lang='lat' dir='ltr'><strong>elego</strong></span> <span class='ocrx_word' id='word_1_470' title='bbox 1619 3599 1688 3640; x_wconf 90' lang='lat' dir='ltr'><strong>cum</strong></span> <span class='ocrx_word' id='word_1_471' title='bbox 1704 3578 1802 3653; x_wconf 85' lang='lat' dir='ltr'><strong>legatis</strong></span> <span class='ocrx_word' id='word_1_472' title='bbox 1815 3569 1893 3630; x_wconf 79' lang='lat' dir='ltr'><strong>vestris</strong></span> 
     </span>
     <span class='ocr_line' id='line_1_38' title="bbox 245 3655 1892 3746; baseline -0.002 -22"><span class='ocrx_word' id='word_1_473' title='bbox 245 3670 275 3724; x_wconf 87' lang='lat' dir='ltr'><strong>et</strong></span> <span class='ocrx_word' id='word_1_474' title='bbox 290 3666 444 3739; x_wconf 88' lang='lat' dir='ltr'><strong>prudentia</strong></span> <span class='ocrx_word' id='word_1_475' title='bbox 467 3669 503 3725; x_wconf 88' lang='lat' dir='ltr'><strong>ab</strong></span> <span class='ocrx_word' id='word_1_476' title='bbox 529 3669 710 3726; x_wconf 87' lang='lat' dir='ltr'><strong>obviantibus</strong></span> <span class='ocrx_word' id='word_1_477' title='bbox 738 3672 872 3745; x_wconf 88' lang='lat' dir='ltr'><strong>periculis</strong></span> <span class='ocrx_word' id='word_1_478' title='bbox 892 3673 1056 3731; x_wconf 89' lang='lat' dir='ltr'><strong>invidorum</strong></span> <span class='ocrx_word' id='word_1_479' title='bbox 1107 3673 1387 3746; x_wconf 88' lang='lat' dir='ltr'><strong>abireparatussum.</strong></span> <span class='ocrx_word' id='word_1_480' title='bbox 1400 3692 1414 3722; x_wconf 89' lang='lat'>»</span> <span class='ocrx_word' id='word_1_481' title='bbox 1430 3671 1584 3744; x_wconf 88' lang='lat' dir='ltr'><strong>Eligantur</strong></span> <span class='ocrx_word' id='word_1_482' title='bbox 1598 3655 1892 3743; x_wconf 79' lang='lat' dir='ltr'><strong>deniquequinquaviri</strong></span> 
     </span>
     <span class='ocr_line' id='line_1_39' title="bbox 244 3747 1895 3832; baseline 0 -21"><span class='ocrx_word' id='word_1_483' title='bbox 244 3757 340 3812; x_wconf 88' lang='lat' dir='ltr'><strong>tutare</strong></span> <span class='ocrx_word' id='word_1_484' title='bbox 368 3759 488 3812; x_wconf 90' lang='lat' dir='ltr'><strong>conatus</strong></span> <span class='ocrx_word' id='word_1_485' title='bbox 509 3756 555 3812; x_wconf 89' lang='lat' dir='ltr'><strong>sit.</strong></span> <span class='ocrx_word' id='word_1_486' title='bbox 584 3759 619 3814; x_wconf 87' lang='lat' dir='ltr'><strong>El</strong></span> <span class='ocrx_word' id='word_1_487' title='bbox 643 3759 712 3814; x_wconf 91' lang='lat' dir='ltr'><strong>dnm</strong></span> <span class='ocrx_word' id='word_1_488' title='bbox 737 3761 911 3832; x_wconf 83' lang='lat' dir='ltr'><strong>quibusdam</strong></span> <span class='ocrx_word' id='word_1_489' title='bbox 930 3763 1057 3820; x_wconf 85' lang='lat' dir='ltr'><strong>Theode·</strong></span> <span class='ocrx_word' id='word_1_490' title='bbox 1107 3762 1263 3818; x_wconf 90' lang='lat' dir='ltr'><strong>nobiliores</strong></span> <span class='ocrx_word' id='word_1_491' title='bbox 1278 3761 1314 3816; x_wconf 87' lang='lat' dir='ltr'><strong>de</strong></span> <span class='ocrx_word' id='word_1_492' title='bbox 1326 3761 1406 3817; x_wconf 88' lang='lat' dir='ltr'><strong>curia</strong></span> <span class='ocrx_word' id='word_1_493' title='bbox 1416 3759 1604 3832; x_wconf 87' lang='lat' dir='ltr'><strong>imperatoris</strong></span> <span class='ocrx_word' id='word_1_494' title='bbox 1625 3758 1728 3832; x_wconf 89' lang='lat' dir='ltr'><strong>qui,ut</strong></span> <span class='ocrx_word' id='word_1_495' title='bbox 1741 3747 1895 3827; x_wconf 72' lang='lat' dir='ltr'><strong>suggesserat</strong></span> 
     </span>
     <span class='ocr_line' id='line_1_40' title="bbox 245 3835 1895 3921; baseline -0.001 -19"><span class='ocrx_word' id='word_1_496' title='bbox 245 3845 297 3902; x_wconf 86' lang='lat' dir='ltr'><strong>rici</strong></span> <span class='ocrx_word' id='word_1_497' title='bbox 312 3845 466 3918; x_wconf 89' lang='lat' dir='ltr'><strong>prudentia</strong></span> <span class='ocrx_word' id='word_1_498' title='bbox 480 3847 604 3919; x_wconf 89' lang='lat' dir='ltr'><strong>placere,</strong></span> <span class='ocrx_word' id='word_1_499' title='bbox 621 3847 692 3904; x_wconf 91' lang='lat' dir='ltr'><strong>dum</strong></span> <span class='ocrx_word' id='word_1_500' title='bbox 711 3851 741 3904; x_wconf 91' lang='lat' dir='ltr'><strong>et</strong></span> <span class='ocrx_word' id='word_1_501' title='bbox 758 3849 930 3921; x_wconf 86' lang='lat' dir='ltr'><strong>quibusdam</strong></span> <span class='ocrx_word' id='word_1_502' title='bbox 942 3849 1056 3905; x_wconf 84' lang='lat' dir='ltr'><strong>invidiae</strong></span> <span class='ocrx_word' id='word_1_503' title='bbox 1107 3851 1289 3919; x_wconf 76' lang='lat' dir='ltr'><strong>Ptolemaeus,</strong></span> <span class='ocrx_word' id='word_1_504' title='bbox 1299 3844 1773 3918; x_wconf 84' lang='lat' dir='ltr'><strong>adGothosltalosveimperatoris</strong></span> <span class='ocrx_word' id='word_1_505' title='bbox 1782 3835 1895 3896; x_wconf 78' lang='lat' dir='ltr'><strong>mandate</strong></span> 
     </span>
     <span class='ocr_line' id='line_1_41' title="bbox 244 3921 1896 4010; baseline -0.008 -21"><span class='ocrx_word' id='word_1_506' title='bbox 244 3949 330 3990; x_wconf 86' lang='lat' dir='ltr'><strong>causa</strong></span> <span class='ocrx_word' id='word_1_507' title='bbox 337 3931 482 3990; x_wconf 90' lang='lat' dir='ltr'><strong>videretur</strong></span> <span class='ocrx_word' id='word_1_508' title='bbox 497 3951 630 4004; x_wconf 86' lang='lat' dir='ltr'><strong>oneroso,</strong></span> <span class='ocrx_word' id='word_1_509' title='bbox 639 3952 691 4009; x_wconf 92' lang='lat' dir='ltr'><strong>per</strong></span> <span class='ocrx_word' id='word_1_510' title='bbox 700 3936 896 3994; x_wconf 88' lang='lat' dir='ltr'><strong>internuntios</strong></span> <span class='ocrx_word' id='word_1_511' title='bbox 907 3937 1056 3994; x_wconf 89' lang='lat' dir='ltr'><strong>communi</strong></span> <span class='ocrx_word' id='word_1_512' title='bbox 1106 3939 1264 3995; x_wconf 83' lang='lat' dir='ltr'><strong>deterrent.</strong></span> <span class='ocrx_word' id='word_1_513' title='bbox 1278 3939 1360 3994; x_wconf 89' lang='lat' dir='ltr'><strong>Jussu</strong></span> <span class='ocrx_word' id='word_1_514' title='bbox 1374 3936 1560 4010; x_wconf 86' lang='lat' dir='ltr'><strong>imperatoris</strong></span> <span class='ocrx_word' id='word_1_515' title='bbox 1575 3935 1653 3993; x_wconf 81' lang='lat' dir='ltr'><strong>abiit</strong></span> <span class='ocrx_word' id='word_1_516' title='bbox 1679 3951 1747 3991; x_wconf 90' lang='lat' dir='ltr'><strong>cum</strong></span> <span class='ocrx_word' id='word_1_517' title='bbox 1766 3930 1805 3987; x_wconf 88' lang='lat' dir='ltr'><strong>eis</strong></span> <span class='ocrx_word' id='word_1_518' title='bbox 1821 3921 1896 3983; x_wconf 84' lang='lat' dir='ltr'><strong>Ptole·</strong></span> 
     </span>
     <span class='ocr_line' id='line_1_42' title="bbox 244 4008 1897 4099; baseline -0.006 -19"><span class='ocrx_word' id='word_1_519' title='bbox 244 4023 363 4080; x_wconf 89' lang='lat' dir='ltr'><strong>consilio</strong></span> <span class='ocrx_word' id='word_1_520' title='bbox 383 4023 420 4078; x_wconf 88' lang='lat' dir='ltr'><strong>ab</strong></span> <span class='ocrx_word' id='word_1_521' title='bbox 431 4023 607 4096; x_wconf 88' lang='lat' dir='ltr'><strong>imperatore</strong></span> <span class='ocrx_word' id='word_1_522' title='bbox 622 4025 684 4080; x_wconf 90' lang='lat' dir='ltr'><strong>ltali</strong></span> <span class='ocrx_word' id='word_1_523' title='bbox 695 4025 899 4098; x_wconf 87' lang='lat' dir='ltr'><strong>petiveruntut</strong></span> <span class='ocrx_word' id='word_1_524' title='bbox 909 4026 950 4082; x_wconf 92' lang='lat' dir='ltr'><strong>eis</strong></span> <span class='ocrx_word' id='word_1_525' title='bbox 963 4028 1055 4083; x_wconf 88' lang='lat' dir='ltr'><strong>Theo·</strong></span> <span class='ocrx_word' id='word_1_526' title='bbox 1106 4045 1207 4098; x_wconf 79' lang='lat' dir='ltr'><strong>maus,</strong></span> <span class='ocrx_word' id='word_1_527' title='bbox 1224 4031 1254 4084; x_wconf 91' lang='lat' dir='ltr'><strong>et</strong></span> <span class='ocrx_word' id='word_1_528' title='bbox 1268 4026 1457 4084; x_wconf 88' lang='lat' dir='ltr'><strong>secretissime</strong></span> <span class='ocrx_word' id='word_1_529' title='bbox 1465 4025 1609 4098; x_wconf 75' lang='lat' dir='ltr'><strong>premisit</strong></span> <span class='ocrx_word' id='word_1_530' title='bbox 1623 4039 1752 4099; x_wconf 88' lang='lat' dir='ltr'><strong>puerum</strong></span> <span class='ocrx_word' id='word_1_531' title='bbox 1762 4019 1808 4094; x_wconf 87' lang='lat' dir='ltr'><strong>qui</strong></span> <span class='ocrx_word' id='word_1_532' title='bbox 1820 4008 1897 4070; x_wconf 78' lang='lat' dir='ltr'><strong>Gothis</strong></span> 
     </span>
     <span class='ocr_line' id='line_1_43' title="bbox 245 4111 1898 4188; baseline -0.004 -20"><span class='ocrx_word' id='word_1_533' title='bbox 245 4111 357 4169; x_wconf 90' lang='lat' dir='ltr'><strong>dericus</strong></span> <span class='ocrx_word' id='word_1_534' title='bbox 371 4112 507 4184; x_wconf 90' lang='lat' dir='ltr'><strong>patricius</strong></span> <span class='ocrx_word' id='word_1_535' title='bbox 522 4111 731 4182; x_wconf 89' lang='lat' dir='ltr'><strong>institueretur,</strong></span> <span class='ocrx_word' id='word_1_536' title='bbox 745 4115 888 4185; x_wconf 83' lang='lat' dir='ltr'><strong>quatenus</strong></span> <span class='ocrx_word' id='word_1_537' title='bbox 907 4115 969 4186; x_wconf 89' lang='lat' dir='ltr'><strong>ejus</strong></span> <span class='ocrx_word' id='word_1_538' title='bbox 986 4130 1056 4188; x_wconf 89' lang='lat' dir='ltr'><strong>pru·</strong></span> <span class='ocrx_word' id='word_1_539' title='bbox 1107 4116 1239 4176; x_wconf 88' lang='lat' dir='ltr'><strong>universe</strong></span> <span class='ocrx_word' id='word_1_540' title='bbox 1253 4116 1422 4185; x_wconf 88' lang='lat' dir='ltr'><strong>nuntiasset,</strong></span> <span class='ocrx_word' id='word_1_541' title='bbox 1430 4119 1459 4171; x_wconf 89' lang='lat' dir='ltr'><strong>et</strong></span> <span class='ocrx_word' id='word_1_542' title='bbox 1474 4115 1688 4187; x_wconf 89' lang='lat' dir='ltr'><strong>quiinlimarst</strong></span> <span class='ocrx_word' id='word_1_543' title='bbox 1700 4114 1809 4186; x_wconf 87' lang='lat' dir='ltr'><strong>legatos</strong></span> <span class='ocrx_word' id='word_1_544' title='bbox 1818 4115 1898 4164; x_wconf 68' lang='lat' dir='ltr'><strong>omues</strong></span> 
     </span>
     <span class='ocr_line' id='line_1_44' title="bbox 245 4200 1897 4278; baseline -0.003 -22"><span class='ocrx_word' id='word_1_545' title='bbox 245 4200 490 4272; x_wconf 90' lang='lat' dir='ltr'><strong>dentiasingulari</strong></span> <span class='ocrx_word' id='word_1_546' title='bbox 501 4201 537 4256; x_wconf 91' lang='lat' dir='ltr'><strong>ab</strong></span> <span class='ocrx_word' id='word_1_547' title='bbox 550 4200 724 4258; x_wconf 89' lang='lat' dir='ltr'><strong>instantibus</strong></span> <span class='ocrx_word' id='word_1_548' title='bbox 735 4201 858 4258; x_wconf 90' lang='lat' dir='ltr'><strong>inimicis</strong></span> <span class='ocrx_word' id='word_1_549' title='bbox 865 4205 1056 4260; x_wconf 84' lang='lat' dir='ltr'><strong>tuereturllo·</strong></span> <span class='ocrx_word' id='word_1_550' title='bbox 1107 4223 1168 4262; x_wconf 89' lang='lat' dir='ltr'><strong>esse</strong></span> <span class='ocrx_word' id='word_1_551' title='bbox 1183 4205 1350 4262; x_wconf 87' lang='lat' dir='ltr'><strong>vinciendos</strong></span> <span class='ocrx_word' id='word_1_552' title='bbox 1363 4203 1474 4278; x_wconf 89' lang='lat' dir='ltr'><strong>pariter</strong></span> <span class='ocrx_word' id='word_1_553' title='bbox 1488 4207 1518 4259; x_wconf 90' lang='lat' dir='ltr'><strong>et</strong></span> <span class='ocrx_word' id='word_1_554' title='bbox 1532 4203 1897 4272; x_wconf 78' lang='lat' dir='ltr'><strong>Ptolemaeum,elquuun·</strong></span> 
     </span>
     <span class='ocr_line' id='line_1_45' title="bbox 246 4277 1899 4367; baseline -0.004 -25"><span class='ocrx_word' id='word_1_555' title='bbox 246 4305 335 4344; x_wconf 90' lang='lat' dir='ltr'><strong>mana</strong></span> <span class='ocrx_word' id='word_1_556' title='bbox 358 4287 486 4344; x_wconf 88' lang='lat' dir='ltr'><strong>libertas.</strong></span> <span class='ocrx_word' id='word_1_557' title='bbox 508 4288 619 4345; x_wconf 88' lang='lat' dir='ltr'><strong>Placuit</strong></span> <span class='ocrx_word' id='word_1_558' title='bbox 640 4291 695 4345; x_wconf 90' lang='lat' dir='ltr'><strong>hoc</strong></span> <span class='ocrx_word' id='word_1_559' title='bbox 724 4290 906 4364; x_wconf 89' lang='lat' dir='ltr'><strong>imperatori,</strong></span> <span class='ocrx_word' id='word_1_560' title='bbox 933 4295 962 4348; x_wconf 88' lang='lat' dir='ltr'><strong>et</strong></span> <span class='ocrx_word' id='word_1_561' title='bbox 990 4309 1056 4349; x_wconf 91' lang='lat' dir='ltr'><strong>eum</strong></span> <span class='ocrx_word' id='word_1_562' title='bbox 1107 4295 1175 4352; x_wconf 90' lang='lat' dir='ltr'><strong>dam</strong></span> <span class='ocrx_word' id='word_1_563' title='bbox 1191 4311 1344 4367; x_wconf 76' lang='lat' dir='ltr'><strong>paenarum</strong></span> <span class='ocrx_word' id='word_1_564' title='bbox 1365 4292 1560 4350; x_wconf 80' lang='lat' dir='ltr'><strong>ostentatione</strong></span> <span class='ocrx_word' id='word_1_565' title='bbox 1575 4289 1800 4365; x_wconf 89' lang='lat' dir='ltr'><strong>perterrendos,</strong></span> <span class='ocrx_word' id='word_1_566' title='bbox 1812 4281 1859 4342; x_wconf 87' lang='lat' dir='ltr'><strong>alsi</strong></span> <span class='ocrx_word' id='word_1_567' title='bbox 1868 4277 1899 4336; x_wconf 79' lang='lat' dir='ltr'><strong>ais</strong></span> 
     </span>
     <span class='ocr_line' id='line_1_46' title="bbox 245 4360 1899 4449; baseline -0.003 -21"><span class='ocrx_word' id='word_1_568' title='bbox 245 4374 369 4431; x_wconf 79' lang='lat' dir='ltr'><strong>Romam</strong></span> <span class='ocrx_word' id='word_1_569' title='bbox 379 4375 518 4448; x_wconf 85' lang='lat' dir='ltr'><strong>dirigens,</strong></span> <span class='ocrx_word' id='word_1_570' title='bbox 530 4378 815 4449; x_wconf 89' lang='lat' dir='ltr'><strong>patriciatushouore</strong></span> <span class='ocrx_word' id='word_1_571' title='bbox 823 4382 994 4437; x_wconf 89' lang='lat' dir='ltr'><strong>sublimatus</strong></span> <span class='ocrx_word' id='word_1_572' title='bbox 1003 4385 1056 4446; x_wconf 88' lang='lat' dir='ltr'><strong>cst,</strong></span> <span class='ocrx_word' id='word_1_573' title='bbox 1068 4360 1095 4421; x_wconf 82' lang='grc' dir='ltr'><strong>Ῑ)</strong></span> <span class='ocrx_word' id='word_1_574' title='bbox 1108 4384 1243 4440; x_wconf 88' lang='lat' dir='ltr'><strong>velociter</strong></span> <span class='ocrx_word' id='word_1_575' title='bbox 1249 4383 1401 4439; x_wconf 92' lang='lat' dir='ltr'><strong>dominum</strong></span> <span class='ocrx_word' id='word_1_576' title='bbox 1407 4380 1718 4438; x_wconf 87' lang='lat' dir='ltr'><strong>suumTheodoricum</strong></span> <span class='ocrx_word' id='word_1_577' title='bbox 1727 4391 1826 4434; x_wconf 87' lang='lat' dir='ltr'><strong>sanum</strong></span> <span class='ocrx_word' id='word_1_578' title='bbox 1839 4369 1899 4426; x_wconf 84' lang='lat' dir='ltr'><strong>etiu-</strong></span> 
     </span>
     <span class='ocr_line' id='line_1_47' title="bbox 245 4459 1900 4542; baseline -0.001 -23"><span class='ocrx_word' id='word_1_579' title='bbox 245 4466 351 4520; x_wconf 89' lang='lat' dir='ltr'><strong>eteum</strong></span> <span class='ocrx_word' id='word_1_580' title='bbox 367 4466 476 4522; x_wconf 85' lang='lat' dir='ltr'><strong>Herulis</strong></span> <span class='ocrx_word' id='word_1_581' title='bbox 498 4466 597 4538; x_wconf 85' lang='lat' dir='ltr'><strong>praelia</strong></span> <span class='ocrx_word' id='word_1_582' title='bbox 617 4470 709 4524; x_wconf 89' lang='lat' dir='ltr'><strong>multa</strong></span> <span class='ocrx_word' id='word_1_583' title='bbox 721 4470 879 4538; x_wconf 88' lang='lat' dir='ltr'><strong>commisit,</strong></span> <span class='ocrx_word' id='word_1_584' title='bbox 895 4473 924 4526; x_wconf 89' lang='lat' dir='ltr'><strong>et</strong></span> <span class='ocrx_word' id='word_1_585' title='bbox 952 4487 1000 4527; x_wconf 89' lang='lat' dir='ltr'><strong>eos</strong></span> <span class='ocrx_word' id='word_1_586' title='bbox 1021 4472 1057 4527; x_wconf 86' lang='lat' dir='ltr'><strong>ed</strong></span> <span class='ocrx_word' id='word_1_587' title='bbox 1108 4474 1252 4528; x_wconf 89' lang='lat' dir='ltr'><strong>columem</strong></span> <span class='ocrx_word' id='word_1_588' title='bbox 1270 4471 1405 4528; x_wconf 86' lang='lat' dir='ltr'><strong>redderet</strong></span> <span class='ocrx_word' id='word_1_589' title='bbox 1419 4470 1631 4542; x_wconf 84' lang='lat' dir='ltr'><strong>imperator,et</strong></span> <span class='ocrx_word' id='word_1_590' title='bbox 1646 4485 1717 4525; x_wconf 89' lang='lat' dir='ltr'><strong>cum</strong></span> <span class='ocrx_word' id='word_1_591' title='bbox 1732 4459 1900 4540; x_wconf 59' lang='lat' dir='ltr'><strong>prosperitate</strong></span> 
     </span>
     <span class='ocr_line' id='line_1_48' title="bbox 244 4551 1902 4633; baseline 0 -26"><span class='ocrx_word' id='word_1_592' title='bbox 244 4551 474 4610; x_wconf 88' lang='lat' dir='ltr'><strong>internecionem</strong></span> <span class='ocrx_word' id='word_1_593' title='bbox 486 4571 575 4628; x_wconf 91' lang='lat' dir='ltr'><strong>usque</strong></span> <span class='ocrx_word' id='word_1_594' title='bbox 586 4556 700 4616; x_wconf 90' lang='lat' dir='ltr'><strong>delevit.</strong></span> <span class='ocrx_word' id='word_1_595' title='bbox 715 4558 797 4614; x_wconf 93' lang='lat' dir='ltr'><strong>Unde</strong></span> <span class='ocrx_word' id='word_1_596' title='bbox 807 4559 929 4632; x_wconf 88' lang='lat' dir='ltr'><strong>contigit</strong></span> <span class='ocrx_word' id='word_1_597' title='bbox 947 4563 1057 4616; x_wconf 84' lang='lat' dir='ltr'><strong>utrum</strong></span> <span class='ocrx_word' id='word_1_598' title='bbox 1108 4578 1156 4618; x_wconf 92' lang='lat' dir='ltr'><strong>eos</strong></span> <span class='ocrx_word' id='word_1_599' title='bbox 1168 4577 1271 4618; x_wconf 87' lang='lat' dir='ltr'><strong>omues</strong></span> <span class='ocrx_word' id='word_1_600' title='bbox 1286 4560 1409 4633; x_wconf 88' lang='lat' dir='ltr'><strong>quicum</strong></span> <span class='ocrx_word' id='word_1_601' title='bbox 1424 4575 1458 4615; x_wconf 89' lang='lat' dir='ltr'><strong>eo</strong></span> <span class='ocrx_word' id='word_1_602' title='bbox 1473 4562 1558 4615; x_wconf 88' lang='lat' dir='ltr'><strong>erant</strong></span> <span class='ocrx_word' id='word_1_603' title='bbox 1569 4557 1609 4614; x_wconf 87' lang='lat' dir='ltr'><strong>ad</strong></span> <span class='ocrx_word' id='word_1_604' title='bbox 1621 4557 1747 4631; x_wconf 89' lang='lat' dir='ltr'><strong>propria</strong></span> <span class='ocrx_word' id='word_1_605' title='bbox 1759 4553 1845 4610; x_wconf 85' lang='lat' dir='ltr'><strong>redire</strong></span> <span class='ocrx_word' id='word_1_606' title='bbox 1853 4561 1902 4620; x_wconf 76' lang='lat' dir='ltr'><strong>ptr·</strong></span> 
     </span>
     <span class='ocr_line' id='line_1_49' title="bbox 243 4631 1902 4720; baseline -0.002 -24"><span class='ocrx_word' id='word_1_607' title='bbox 243 4641 290 4698; x_wconf 88' lang='lat' dir='ltr'><strong>die</strong></span> <span class='ocrx_word' id='word_1_608' title='bbox 305 4643 431 4715; x_wconf 86' lang='lat' dir='ltr'><strong>quadam</strong></span> <span class='ocrx_word' id='word_1_609' title='bbox 445 4644 579 4701; x_wconf 89' lang='lat' dir='ltr'><strong>adversus</strong></span> <span class='ocrx_word' id='word_1_610' title='bbox 589 4662 690 4702; x_wconf 90' lang='lat' dir='ltr'><strong>eorum</strong></span> <span class='ocrx_word' id='word_1_611' title='bbox 707 4663 807 4720; x_wconf 88' lang='lat' dir='ltr'><strong>regem</strong></span> <span class='ocrx_word' id='word_1_612' title='bbox 819 4649 1056 4720; x_wconf 80' lang='lat' dir='ltr'><strong>praliumeonci-</strong></span> <span class='ocrx_word' id='word_1_613' title='bbox 1108 4649 1246 4708; x_wconf 89' lang='lat' dir='ltr'><strong>mitteret.</strong></span> <span class='ocrx_word' id='word_1_614' title='bbox 1266 4649 1340 4715; x_wconf 81' lang='lat' dir='ltr'><strong>Quid</strong></span> <span class='ocrx_word' id='word_1_615' title='bbox 1354 4647 1464 4720; x_wconf 80' lang='lat' dir='ltr'><strong>plura?</strong></span> <span class='ocrx_word' id='word_1_616' title='bbox 1482 4646 1610 4703; x_wconf 88' lang='lat' dir='ltr'><strong>necdum</strong></span> <span class='ocrx_word' id='word_1_617' title='bbox 1621 4646 1715 4702; x_wconf 87' lang='lat' dir='ltr'><strong>verba</strong></span> <span class='ocrx_word' id='word_1_618' title='bbox 1728 4631 1902 4708; x_wconf 81' lang='lat' dir='ltr'><strong>linierantqvi</strong></span> 
     </span>
     <span class='ocr_line' id='line_1_50' title="bbox 244 4727 1903 4808; baseline -0.006 -21"><span class='ocrx_word' id='word_1_619' title='bbox 244 4733 365 4801; x_wconf 79' lang='lat' dir='ltr'><strong>tussam,</strong></span> <span class='ocrx_word' id='word_1_620' title='bbox 382 4735 411 4788; x_wconf 86' lang='lat' dir='ltr'><strong>et</strong></span> <span class='ocrx_word' id='word_1_621' title='bbox 425 4750 459 4789; x_wconf 82' lang='lat' dir='ltr'><strong>er</strong></span> <span class='ocrx_word' id='word_1_622' title='bbox 474 4738 596 4808; x_wconf 89' lang='lat' dir='ltr'><strong>utroque</strong></span> <span class='ocrx_word' id='word_1_623' title='bbox 615 4735 740 4791; x_wconf 81' lang='lat' dir='ltr'><strong>exercitu</strong></span> <span class='ocrx_word' id='word_1_624' title='bbox 759 4737 886 4807; x_wconf 87' lang='lat' dir='ltr'><strong>plurima</strong></span> <span class='ocrx_word' id='word_1_625' title='bbox 903 4739 1057 4795; x_wconf 91' lang='lat' dir='ltr'><strong>hominum</strong></span> <span class='ocrx_word' id='word_1_626' title='bbox 1107 4738 1187 4795; x_wconf 90' lang='lat' dir='ltr'><strong>missi</strong></span> <span class='ocrx_word' id='word_1_627' title='bbox 1197 4739 1313 4794; x_wconf 85' lang='lat' dir='ltr'><strong>fuerant</strong></span> <span class='ocrx_word' id='word_1_628' title='bbox 1326 4740 1484 4804; x_wconf 88' lang='lat' dir='ltr'><strong>senatores,</strong></span> <span class='ocrx_word' id='word_1_629' title='bbox 1500 4739 1529 4792; x_wconf 91' lang='lat' dir='ltr'><strong>et</strong></span> <span class='ocrx_word' id='word_1_630' title='bbox 1541 4751 1611 4792; x_wconf 90' lang='lat' dir='ltr'><strong>ecce</strong></span> <span class='ocrx_word' id='word_1_631' title='bbox 1636 4735 1770 4808; x_wconf 84' lang='lat' dir='ltr'><strong>undique</strong></span> <span class='ocrx_word' id='word_1_632' title='bbox 1792 4727 1903 4784; x_wconf 87' lang='lat' dir='ltr'><strong>vinciun-</strong></span> 
     </span>
     <span class='ocr_line' id='line_1_51' title="bbox 244 4805 1904 4898; baseline 0.001 -21"><span class='ocrx_word' id='word_1_633' title='bbox 244 4821 400 4878; x_wconf 91' lang='lat' dir='ltr'><strong>mullitudo</strong></span> <span class='ocrx_word' id='word_1_634' title='bbox 416 4823 524 4879; x_wconf 91' lang='lat' dir='ltr'><strong>mutuis</strong></span> <span class='ocrx_word' id='word_1_635' title='bbox 534 4825 698 4881; x_wconf 89' lang='lat' dir='ltr'><strong>vulneribus</strong></span> <span class='ocrx_word' id='word_1_636' title='bbox 712 4829 922 4890; x_wconf 88' lang='lat' dir='ltr'><strong>sternerentur,</strong></span> <span class='ocrx_word' id='word_1_637' title='bbox 931 4827 1058 4884; x_wconf 88' lang='lat' dir='ltr'><strong>sentiens</strong></span> <span class='ocrx_word' id='word_1_638' title='bbox 1107 4832 1165 4898; x_wconf 86' lang='lat' dir='ltr'><strong>tur,</strong></span> <span class='ocrx_word' id='word_1_639' title='bbox 1196 4828 1233 4884; x_wconf 87' lang='lat' dir='ltr'><strong>ad</strong></span> <span class='ocrx_word' id='word_1_640' title='bbox 1265 4825 1500 4898; x_wconf 87' lang='lat' dir='ltr'><strong>suspendendum</strong></span> <span class='ocrx_word' id='word_1_641' title='bbox 1531 4840 1634 4880; x_wconf 89' lang='lat' dir='ltr'><strong>cruces</strong></span> <span class='ocrx_word' id='word_1_642' title='bbox 1665 4825 1814 4898; x_wconf 84' lang='lat' dir='ltr'><strong>aptantur,</strong></span> <span class='ocrx_word' id='word_1_643' title='bbox 1834 4805 1904 4890; x_wconf 63' lang='lat' dir='ltr'><strong>gltdlt</strong></span> 
     </span>
     <span class='ocr_line' id='line_1_52' title="bbox 244 4909 1903 4986; baseline -0.004 -21"><span class='ocrx_word' id='word_1_644' title='bbox 244 4909 438 4967; x_wconf 86' lang='lat' dir='ltr'><strong>Theudoricus</strong></span> <span class='ocrx_word' id='word_1_645' title='bbox 450 4929 568 4969; x_wconf 89' lang='lat' dir='ltr'><strong>suorum</strong></span> <span class='ocrx_word' id='word_1_646' title='bbox 582 4913 694 4985; x_wconf 87' lang='lat' dir='ltr'><strong>gladios</strong></span> <span class='ocrx_word' id='word_1_647' title='bbox 710 4913 846 4969; x_wconf 86' lang='lat' dir='ltr'><strong>deiecisse</strong></span> <span class='ocrx_word' id='word_1_648' title='bbox 866 4917 949 4986; x_wconf 88' lang='lat' dir='ltr'><strong>terga</strong></span> <span class='ocrx_word' id='word_1_649' title='bbox 968 4916 1057 4985; x_wconf 89' lang='lat' dir='ltr'><strong>dedit,</strong></span> <span class='ocrx_word' id='word_1_650' title='bbox 1109 4918 1251 4974; x_wconf 91' lang='lat' dir='ltr'><strong>acuuntur</strong></span> <span class='ocrx_word' id='word_1_651' title='bbox 1259 4914 1406 4970; x_wconf 86' lang='lat' dir='ltr'><strong>etdiversa</strong></span> <span class='ocrx_word' id='word_1_652' title='bbox 1418 4912 1556 4970; x_wconf 90' lang='lat' dir='ltr'><strong>mortium</strong></span> <span class='ocrx_word' id='word_1_653' title='bbox 1565 4929 1683 4984; x_wconf 86' lang='lat' dir='ltr'><strong>genera</strong></span> <span class='ocrx_word' id='word_1_654' title='bbox 1698 4909 1903 4986; x_wconf 78' lang='lat' dir='ltr'><strong>praeparantur:</strong></span> 
     </span>
     <span class='ocr_line' id='line_1_53' title="bbox 244 4997 1906 5077; baseline -0.002 -24"><span class='ocrx_word' id='word_1_655' title='bbox 244 4999 274 5054; x_wconf 89' lang='lat' dir='ltr'><strong>et</strong></span> <span class='ocrx_word' id='word_1_656' title='bbox 288 4997 330 5053; x_wconf 90' lang='lat' dir='ltr'><strong>ito</strong></span> <span class='ocrx_word' id='word_1_657' title='bbox 355 5015 421 5055; x_wconf 88' lang='lat' dir='ltr'><strong>cum</strong></span> <span class='ocrx_word' id='word_1_658' title='bbox 446 5001 503 5057; x_wconf 91' lang='lat' dir='ltr'><strong>suis</strong></span> <span class='ocrx_word' id='word_1_659' title='bbox 523 5001 639 5074; x_wconf 84' lang='lat' dir='ltr'><strong>lugiens</strong></span> <span class='ocrx_word' id='word_1_660' title='bbox 660 5002 827 5058; x_wconf 84' lang='lat' dir='ltr'><strong>Ravennam</strong></span> <span class='ocrx_word' id='word_1_661' title='bbox 846 5006 889 5058; x_wconf 86' lang='lat' dir='ltr'><strong>est</strong></span> <span class='ocrx_word' id='word_1_662' title='bbox 903 5003 1056 5076; x_wconf 89' lang='lat' dir='ltr'><strong>ingressus.</strong></span> <span class='ocrx_word' id='word_1_663' title='bbox 1109 5003 1273 5077; x_wconf 89' lang='lat' dir='ltr'><strong>eospariter</strong></span> <span class='ocrx_word' id='word_1_664' title='bbox 1282 5018 1404 5060; x_wconf 85' lang='lat' dir='ltr'><strong>enecare</strong></span> <span class='ocrx_word' id='word_1_665' title='bbox 1415 5001 1644 5070; x_wconf 87' lang='lat' dir='ltr'><strong>comminantes,</strong></span> <span class='ocrx_word' id='word_1_666' title='bbox 1652 4998 1906 5056; x_wconf 74' lang='lat' dir='ltr'><strong>nisiuominussuus</strong></span> 
     </span>
     <span class='ocr_line' id='line_1_54' title="bbox 246 5085 1907 5163; baseline -0.006 -21"><span class='ocrx_word' id='word_1_667' title='bbox 246 5085 339 5151; x_wconf 85' lang='lat' dir='ltr'><strong>Quem</strong></span> <span class='ocrx_word' id='word_1_668' title='bbox 363 5104 429 5144; x_wconf 91' lang='lat' dir='ltr'><strong>cum</strong></span> <span class='ocrx_word' id='word_1_669' title='bbox 449 5089 594 5161; x_wconf 87' lang='lat' dir='ltr'><strong>insperate</strong></span> <span class='ocrx_word' id='word_1_670' title='bbox 618 5089 688 5145; x_wconf 86' lang='lat' dir='ltr'><strong>Lilia</strong></span> <span class='ocrx_word' id='word_1_671' title='bbox 709 5093 803 5146; x_wconf 89' lang='lat' dir='ltr'><strong>mater</strong></span> <span class='ocrx_word' id='word_1_672' title='bbox 821 5090 999 5163; x_wconf 83' lang='lat' dir='ltr'><strong>inspexisset,</strong></span> <span class='ocrx_word' id='word_1_673' title='bbox 1020 5093 1058 5148; x_wconf 90' lang='lat' dir='ltr'><strong>sic</strong></span> <span class='ocrx_word' id='word_1_674' title='bbox 1109 5092 1406 5155; x_wconf 88' lang='lat' dir='ltr'><strong>eisdemredderetur,</strong></span> <span class='ocrx_word' id='word_1_675' title='bbox 1415 5093 1638 5146; x_wconf 88' lang='lat' dir='ltr'><strong>etsacramento</strong></span> <span class='ocrx_word' id='word_1_676' title='bbox 1654 5091 1790 5146; x_wconf 83' lang='lat' dir='ltr'><strong>firmaret</strong></span> <span class='ocrx_word' id='word_1_677' title='bbox 1799 5088 1907 5156; x_wconf 85' lang='lat' dir='ltr'><strong>impera·</strong></span> 
     </span>
     <span class='ocr_line' id='line_1_55' title="bbox 245 5163 1907 5253; baseline -0.002 -21"><span class='ocrx_word' id='word_1_678' title='bbox 245 5193 313 5232; x_wconf 88' lang='lat' dir='ltr'><strong>eum</strong></span> <span class='ocrx_word' id='word_1_679' title='bbox 329 5193 501 5250; x_wconf 87' lang='lat' dir='ltr'><strong>exasperans</strong></span> <span class='ocrx_word' id='word_1_680' title='bbox 515 5181 544 5233; x_wconf 90' lang='lat' dir='ltr'><strong>et</strong></span> <span class='ocrx_word' id='word_1_681' title='bbox 558 5177 681 5234; x_wconf 88' lang='lat' dir='ltr'><strong>illudens</strong></span> <span class='ocrx_word' id='word_1_682' title='bbox 700 5177 850 5252; x_wconf 89' lang='lat' dir='ltr'><strong>increpare</strong></span> <span class='ocrx_word' id='word_1_683' title='bbox 869 5179 954 5252; x_wconf 76' lang='lat' dir='ltr'><strong>erepit</strong></span> <span class='ocrx_word' id='word_1_684' title='bbox 973 5183 1001 5236; x_wconf 92' lang='lat' dir='ltr'><strong>et</strong></span> <span class='ocrx_word' id='word_1_685' title='bbox 1016 5181 1058 5236; x_wconf 90' lang='lat' dir='ltr'><strong>di·</strong></span> <span class='ocrx_word' id='word_1_686' title='bbox 1108 5185 1156 5239; x_wconf 89' lang='lat' dir='ltr'><strong>tor</strong></span> <span class='ocrx_word' id='word_1_687' title='bbox 1168 5184 1200 5236; x_wconf 91' lang='lat' dir='ltr'><strong>ut</strong></span> <span class='ocrx_word' id='word_1_688' title='bbox 1213 5198 1263 5237; x_wconf 91' lang='lat' dir='ltr'><strong>eos</strong></span> <span class='ocrx_word' id='word_1_689' title='bbox 1282 5180 1448 5253; x_wconf 86' lang='lat' dir='ltr'><strong>omnesqui</strong></span> <span class='ocrx_word' id='word_1_690' title='bbox 1464 5195 1530 5234; x_wconf 92' lang='lat' dir='ltr'><strong>cum</strong></span> <span class='ocrx_word' id='word_1_691' title='bbox 1549 5195 1584 5234; x_wconf 89' lang='lat' dir='ltr'><strong>eo</strong></span> <span class='ocrx_word' id='word_1_692' title='bbox 1604 5181 1696 5235; x_wconf 86' lang='lat' dir='ltr'><strong>erent</strong></span> <span class='ocrx_word' id='word_1_693' title='bbox 1706 5177 1860 5234; x_wconf 86' lang='lat' dir='ltr'><strong>incolumes</strong></span> <span class='ocrx_word' id='word_1_694' title='bbox 1879 5163 1907 5222; x_wconf 76' lang='lat' dir='ltr'><strong>ad</strong></span> 
     </span>
     <span class='ocr_line' id='line_1_56' title="bbox 244 5264 1543 5345; baseline 0.003 -25"><span class='ocrx_word' id='word_1_695' title='bbox 244 5281 309 5321; x_wconf 90' lang='lat' dir='ltr'><strong>cere</strong></span> <span class='ocrx_word' id='word_1_696' title='bbox 325 5281 331 5321; x_wconf 95' lang='lat'><strong>:</strong></span> <span class='ocrx_word' id='word_1_697' title='bbox 345 5287 359 5316; x_wconf 77' lang='grc' dir='ltr'>α</span> <span class='ocrx_word' id='word_1_698' title='bbox 377 5264 458 5330; x_wconf 83' lang='lat' dir='ltr'><strong>Quae,</strong></span> <span class='ocrx_word' id='word_1_699' title='bbox 472 5266 576 5339; x_wconf 88' lang='lat' dir='ltr'><strong>inquit,</strong></span> <span class='ocrx_word' id='word_1_700' title='bbox 601 5283 618 5322; x_wconf 95' lang='lat' dir='ltr'><strong>o</strong></span> <span class='ocrx_word' id='word_1_701' title='bbox 639 5268 679 5323; x_wconf 89' lang='lat' dir='ltr'><strong>mi</strong></span> <span class='ocrx_word' id='word_1_702' title='bbox 701 5271 779 5336; x_wconf 90' lang='lat' dir='ltr'><strong>nate,</strong></span> <span class='ocrx_word' id='word_1_703' title='bbox 803 5269 950 5325; x_wconf 87' lang='lat' dir='ltr'><strong>dementia</strong></span> <span class='ocrx_word' id='word_1_704' title='bbox 971 5269 1012 5325; x_wconf 85' lang='lat' dir='ltr'><strong>ita</strong></span> <span class='ocrx_word' id='word_1_705' title='bbox 1031 5273 1059 5326; x_wconf 87' lang='lat' dir='ltr'><strong>te</strong></span> <span class='ocrx_word' id='word_1_706' title='bbox 1108 5272 1226 5345; x_wconf 88' lang='lat' dir='ltr'><strong>propria</strong></span> <span class='ocrx_word' id='word_1_707' title='bbox 1240 5270 1335 5326; x_wconf 87' lang='lat' dir='ltr'><strong>redire</strong></span> <span class='ocrx_word' id='word_1_708' title='bbox 1351 5269 1543 5344; x_wconf 72' lang='lat' dir='ltr'><strong>permitteret,</strong></span> 
     </span>
     <span class='ocr_line' id='line_1_57' title="bbox 243 5348 1908 5434; baseline -0.002 -23"><span class='ocrx_word' id='word_1_709' title='bbox 243 5355 392 5427; x_wconf 88' lang='lat' dir='ltr'><strong>compellit</strong></span> <span class='ocrx_word' id='word_1_710' title='bbox 409 5356 489 5414; x_wconf 90' lang='lat' dir='ltr'><strong>abire</strong></span> <span class='ocrx_word' id='word_1_711' title='bbox 509 5357 712 5430; x_wconf 74' lang='lat' dir='ltr'><strong>praeeipitem?</strong></span> <span class='ocrx_word' id='word_1_712' title='bbox 725 5359 788 5415; x_wconf 87' lang='lat' dir='ltr'><strong>Non</strong></span> <span class='ocrx_word' id='word_1_713' title='bbox 801 5360 864 5432; x_wconf 87' lang='lat' dir='ltr'><strong>jam</strong></span> <span class='ocrx_word' id='word_1_714' title='bbox 881 5377 937 5434; x_wconf 90' lang='lat' dir='ltr'><strong>quo</strong></span> <span class='ocrx_word' id='word_1_715' title='bbox 953 5361 1058 5434; x_wconf 80' lang='lat' dir='ltr'><strong>fugias,</strong></span> <span class='ocrx_word' id='word_1_716' title='bbox 1144 5361 1191 5416; x_wconf 85' lang='lat' dir='ltr'><strong>llis</strong></span> <span class='ocrx_word' id='word_1_717' title='bbox 1206 5359 1343 5432; x_wconf 90' lang='lat' dir='ltr'><strong>angustiis</strong></span> <span class='ocrx_word' id='word_1_718' title='bbox 1367 5361 1493 5415; x_wconf 88' lang='lat' dir='ltr'><strong>arctatus</strong></span> <span class='ocrx_word' id='word_1_719' title='bbox 1516 5358 1697 5431; x_wconf 91' lang='lat' dir='ltr'><strong>imperator,</strong></span> <span class='ocrx_word' id='word_1_720' title='bbox 1726 5357 1812 5414; x_wconf 82' lang='lat' dir='ltr'><strong>vellet</strong></span> <span class='ocrx_word' id='word_1_721' title='bbox 1834 5348 1908 5408; x_wconf 82' lang='lat' dir='ltr'><strong>nollet</strong></span> 
     </span>
     <span class='ocr_line' id='line_1_58' title="bbox 244 5443 1910 5522; baseline 0 -22"><span class='ocrx_word' id='word_1_722' title='bbox 244 5443 298 5500; x_wconf 87' lang='lat' dir='ltr'><strong>uisi</strong></span> <span class='ocrx_word' id='word_1_723' title='bbox 310 5448 342 5501; x_wconf 88' lang='lat' dir='ltr'><strong>nt</strong></span> <span class='ocrx_word' id='word_1_724' title='bbox 360 5445 512 5503; x_wconf 87' lang='lat' dir='ltr'><strong>sublevatis</strong></span> <span class='ocrx_word' id='word_1_725' title='bbox 527 5446 650 5502; x_wconf 90' lang='lat' dir='ltr'><strong>vestibus</strong></span> <span class='ocrx_word' id='word_1_726' title='bbox 659 5448 731 5504; x_wconf 89' lang='lat' dir='ltr'><strong>meis</strong></span> <span class='ocrx_word' id='word_1_727' title='bbox 746 5448 917 5521; x_wconf 89' lang='lat' dir='ltr'><strong>ingrediaris</strong></span> <span class='ocrx_word' id='word_1_728' title='bbox 931 5454 1058 5522; x_wconf 91' lang='lat' dir='ltr'><strong>uterum,</strong></span> <span class='ocrx_word' id='word_1_729' title='bbox 1107 5448 1315 5506; x_wconf 86' lang='lat' dir='ltr'><strong>Theodericum</strong></span> <span class='ocrx_word' id='word_1_730' title='bbox 1332 5449 1430 5506; x_wconf 86' lang='lat' dir='ltr'><strong>Gothis</strong></span> <span class='ocrx_word' id='word_1_731' title='bbox 1446 5447 1582 5514; x_wconf 87' lang='lat' dir='ltr'><strong>reddidit,</strong></span> <span class='ocrx_word' id='word_1_732' title='bbox 1603 5451 1635 5504; x_wconf 91' lang='lat' dir='ltr'><strong>et</strong></span> <span class='ocrx_word' id='word_1_733' title='bbox 1658 5465 1711 5505; x_wconf 85' lang='lat' dir='ltr'><strong>eos</strong></span> <span class='ocrx_word' id='word_1_734' title='bbox 1732 5461 1833 5504; x_wconf 84' lang='lat' dir='ltr'><strong>omncs</strong></span> <span class='ocrx_word' id='word_1_735' title='bbox 1854 5451 1910 5494; x_wconf 76' lang='lat' dir='ltr'><strong>cvm</strong></span> 
     </span>
     <span class='ocr_line' id='line_1_59' title="bbox 245 5526 1910 5612; baseline -0.003 -25"><span class='ocrx_word' id='word_1_736' title='bbox 245 5531 282 5587; x_wconf 93' lang='lat' dir='ltr'><strong>de</strong></span> <span class='ocrx_word' id='word_1_737' title='bbox 299 5549 357 5606; x_wconf 90' lang='lat' dir='ltr'><strong>quo</strong></span> <span class='ocrx_word' id='word_1_738' title='bbox 369 5536 502 5606; x_wconf 89' lang='lat' dir='ltr'><strong>parvulus</strong></span> <span class='ocrx_word' id='word_1_739' title='bbox 516 5535 635 5593; x_wconf 88' lang='lat' dir='ltr'><strong>oriendo</strong></span> <span class='ocrx_word' id='word_1_740' title='bbox 649 5537 791 5610; x_wconf 87' lang='lat' dir='ltr'><strong>prodiisti.</strong></span> <span class='ocrx_word' id='word_1_741' title='bbox 810 5559 824 5588; x_wconf 81' lang='lat' dir='ltr'><strong>a</strong></span> <span class='ocrx_word' id='word_1_742' title='bbox 841 5537 924 5603; x_wconf 82' lang='lat' dir='ltr'><strong>Quod</strong></span> <span class='ocrx_word' id='word_1_743' title='bbox 939 5539 987 5595; x_wconf 88' lang='lat' dir='ltr'><strong>ille</strong></span> <span class='ocrx_word' id='word_1_744' title='bbox 1007 5556 1057 5596; x_wconf 91' lang='lat' dir='ltr'><strong>an·</strong></span> <span class='ocrx_word' id='word_1_745' title='bbox 1107 5538 1299 5612; x_wconf 90' lang='lat' dir='ltr'><strong>prosperitate</strong></span> <span class='ocrx_word' id='word_1_746' title='bbox 1306 5537 1458 5611; x_wconf 88' lang='lat' dir='ltr'><strong>repatriari</strong></span> <span class='ocrx_word' id='word_1_747' title='bbox 1465 5535 1608 5610; x_wconf 86' lang='lat' dir='ltr'><strong>permisit.</strong></span> <span class='ocrx_word' id='word_1_748' title='bbox 1618 5537 1697 5594; x_wconf 90' lang='lat' dir='ltr'><strong>Cum</strong></span> <span class='ocrx_word' id='word_1_749' title='bbox 1712 5551 1785 5609; x_wconf 86' lang='lat' dir='ltr'><strong>ergo</strong></span> <span class='ocrx_word' id='word_1_750' title='bbox 1798 5526 1910 5588; x_wconf 84' lang='lat' dir='ltr'><strong>Theode-</strong></span> 
     </span>
     <span class='ocr_line' id='line_1_60' title="bbox 244 5613 1913 5706; baseline 0.001 -25"><span class='ocrx_word' id='word_1_751' title='bbox 244 5619 337 5694; x_wconf 81' lang='lat' dir='ltr'><strong>diens,</strong></span> <span class='ocrx_word' id='word_1_752' title='bbox 365 5625 395 5681; x_wconf 91' lang='lat' dir='ltr'><strong>et</strong></span> <span class='ocrx_word' id='word_1_753' title='bbox 419 5622 509 5682; x_wconf 87' lang='lat' dir='ltr'><strong>nimia</strong></span> <span class='ocrx_word' id='word_1_754' title='bbox 533 5626 706 5686; x_wconf 86' lang='lat' dir='ltr'><strong>verecundia</strong></span> <span class='ocrx_word' id='word_1_755' title='bbox 731 5627 874 5706; x_wconf 85' lang='lat' dir='ltr'><strong>pertusus,</strong></span> <span class='ocrx_word' id='word_1_756' title='bbox 898 5628 1057 5688; x_wconf 88' lang='lat' dir='ltr'><strong>recollectis</strong></span> <span class='ocrx_word' id='word_1_757' title='bbox 1106 5627 1181 5686; x_wconf 85' lang='lat' dir='ltr'><strong>ricus</strong></span> <span class='ocrx_word' id='word_1_758' title='bbox 1195 5643 1263 5686; x_wconf 89' lang='lat' dir='ltr'><strong>cum</strong></span> <span class='ocrx_word' id='word_1_759' title='bbox 1281 5625 1363 5686; x_wconf 88' lang='lat' dir='ltr'><strong>sociis</strong></span> <span class='ocrx_word' id='word_1_760' title='bbox 1382 5626 1420 5686; x_wconf 91' lang='lat' dir='ltr'><strong>ad</strong></span> <span class='ocrx_word' id='word_1_761' title='bbox 1438 5624 1556 5704; x_wconf 89' lang='lat' dir='ltr'><strong>propria</strong></span> <span class='ocrx_word' id='word_1_762' title='bbox 1575 5629 1758 5698; x_wconf 83' lang='lat' dir='ltr'><strong>remeasset,</strong></span> <span class='ocrx_word' id='word_1_763' title='bbox 1785 5613 1913 5696; x_wconf 71' lang='lat' dir='ltr'><strong>comperit</strong></span> 
     </span>
    </p>
   </div>
   <div class='ocr_carea' id='block_1_3' title="bbox 0 0 1940 6164">
    <p class='ocr_par' dir='ltr' id='par_1_3' title="bbox 0 0 1940 6164">
     <span class='ocr_line' id='line_1_61' title="bbox 0 0 1940 6164; baseline 0 0"><span class='ocrx_word' id='word_1_764' title='bbox 0 0 1940 6164; x_wconf 95' lang='lat' dir='ltr'><strong> </strong></span> 
     </span>
    </p>
   </div>
  </div>
 </body>
</html>
