3944 6186
241 425 311 484 ild?
788 421 937 480 boreum
959 421 1161 481 tuobmbsls
1189 422 1349 483 belsebul
1793 433 1848 491 ttlt

245 545 354 604 studuit
368 546 498 602 excolere
511 543 552 602 ita
567 546 598 601 et
615 543 756 603 laboravit
770 545 909 612 occulere,
923 545 961 614 et,
977 559 1044 600 cum
1055 546 1083 607 Δ
1096 542 1260 615 patiamini,
1270 543 1510 619 quaesusumus
1520 542 1850 624 incessumoniequissrgo

243 636 305 694 brec
317 635 402 691 vellet
413 632 525 706 augeri,
544 633 663 690 nolebat
677 632 795 704 agnosci
809 633 958 706 neglector
968 632 1046 704 quie·
1094 634 1422 706 vestrumcujuscuaque
1428 633 1557 689 criminis
1567 649 1596 689 se
1606 634 1688 690 sentit
1697 640 1851 708 perpetratio.

242 723 288 790 tis,
309 723 411 796 refuga
434 721 598 794 voluptatis,
621 721 766 794 appetitor
787 721 910 790 laboris;
934 720 1046 793 patiens
1095 720 1853 801 nemaculatum,atquelovcamaiorispcccatiabsorp-

240 811 420 883 abiectioris,
433 810 590 883 impatiens
599 808 719 866 honoris
731 826 739 878 ;
752 824 862 882 pauper
870 809 900 864 in
913 809 1045 882 pecunia,
1095 813 1170 874 tum,
1185 811 1241 867 cito
1262 810 1376 868 salubre
1398 827 1449 867 suo
1475 812 1618 884 supponat
1634 812 1735 868 vulneri
1756 815 1856 872 medica·

241 900 319 957 dives
333 901 364 957 in
379 900 570 969 conscientia,
585 897 706 954 humilis
721 898 759 954 ed
780 898 896 966 merite,
909 898 1047 970 superbus
1096 902 1239 958 mentum.
1256 901 1332 957 Dum
1339 900 1427 974 juder
1437 899 1560 973 porrigit
1568 898 1713 974 paenitenti
1726 900 1856 960 misericor·

240 991 277 1048 ad
292 990 362 1047 vitia
379 1010 386 1046 :
402 991 482 1047 nulle
492 989 534 1046 illi
556 1005 590 1044 ex
614 987 749 1044 omnibus
770 986 942 1060 propensior
962 987 1045 1058 burn,
1096 988 1151 1044 dim
1164 1005 1297 1059 manum,
1314 1007 1351 1046 en
1368 993 1448 1063 patet
1462 989 1532 1046 dum
1547 988 1673 1046 advivitis
1681 990 1762 1061 janua
1774 993 1859 1050 miseri·

238 1078 293 1138 nisi
309 1081 361 1136 eut
374 1080 410 1136 de
419 1081 478 1137 Deo
492 1079 522 1134 in
533 1077 659 1134 lectione
670 1079 756 1149 etcpre
770 1091 916 1144 sermone,
924 1079 1045 1132 autenm
1095 1077 1213 1148 cordiae,
1235 1095 1300 1153 qum
1320 1081 1385 1150 post
1406 1081 1533 1134 mortem
1562 1077 1724 1148 obstruitur,
1744 1080 1796 1136 sols
1820 1097 1858 1153 pa·

238 1169 297 1226 Deo
315 1167 345 1224 in
362 1167 494 1224 oratione
509 1167 686 1240 loqueretur.
1096 1165 1176 1221 lente
1195 1183 1260 1239 ques
1277 1169 1496 1238 contemptores
1506 1168 1715 1240 praceptorum
1728 1167 1860 1226 boninicu-

276 1255 318 1313 13.
336 1259 391 1313 Per
404 1259 487 1330 plura
502 1272 571 1329 ergo
591 1255 635 1326 (s)
657 1269 801 1311 annorum
823 1252 965 1310 curricula
987 1252 1045 1310 illie
1094 1270 1161 1309 rum
1177 1254 1397 1329 desertoresque
1411 1253 1573 1328 puniendos
1596 1253 1725 1327 suscipiet
1738 1259 1809 1328 porta
1823 1273 1860 1328 ge·

238 1361 436 1418 commorans,
445 1343 624 1403 sanctissima
641 1341 858 1400 conversatione
873 1345 938 1414 post
959 1342 1044 1413 hujus
1095 1344 1211 1400 bennae.
1240 1344 1364 1400 Obsecro
1388 1343 1487 1416 itaque
1508 1359 1558 1400 vos
1579 1359 1632 1416 per
1653 1342 1793 1411 Christum,
1805 1345 1861 1400 utin

239 1434 304 1492 vitoe
325 1434 654 1491 multimodoslnborum
671 1446 878 1501 excursus,per
891 1431 974 1501 plura
992 1430 1044 1485 be·
1095 1447 1151 1502 quo
1167 1449 1217 1488 vos
1231 1432 1473 1490 nostisbactenus
1489 1429 1617 1488 deviasse
1635 1446 1652 1485 a
1669 1447 1741 1499 vero,
1761 1431 1860 1486 reconci-

239 1523 410 1580 neflciomm
431 1531 461 1578 et
475 1522 686 1578 miraculorum
702 1520 866 1587 commoda,
878 1519 1043 1576 bonrinibus
1093 1519 1158 1574 liari
1174 1520 1294 1593 satagite
1308 1522 1377 1578 Deo.
1393 1520 1490 1586 Orate,
1506 1522 1538 1575 ut
1552 1535 1602 1576 vos
1616 1519 1773 1592 evangelica
1783 1519 1861 1576 admo·

240 1611 618 1684 becquecbarusostensue,
632 1609 710 1665 diem
723 1608 776 1664 sibi
786 1607 944 1664 vocationis
955 1608 1044 1663 intel·
1094 1610 1144 1664 net
1160 1609 1257 1677 tectio,
1272 1626 1308 1665 no
1325 1610 1377 1665 flat
1390 1608 1460 1681 luga
1474 1609 1569 1664 vestra
1588 1607 1684 1664 bieme
1704 1609 1745 1664 vel
1766 1607 1863 1664 Sabbata

238 1697 332 1770 ligcns
343 1697 510 1764 imminere,
521 1695 812 1768 quirecompensaret
821 1695 918 1750 bonor
927 1695 957 1750 iu
968 1693 1046 1750 coelis
1095 1695 1212 1769 (Mettis.
1229 1714 1303 1766 xxiv,
1311 1699 1366 1768 20).
1380 1697 1441 1763 Quo
1454 1698 1519 1753 ioco
1534 1699 1643 1753 nostrae
1656 1713 1702 1752 res
1713 1695 1769 1752 sitas
1778 1696 1863 1762 sintin

242 1785 411 1858 quodlabor
421 1785 539 1841 triverat
548 1784 578 1838 in
593 1783 690 1853 terris;
704 1798 821 1840 morem
839 1799 940 1856 gerere
950 1782 1047 1838 decre·
1095 1801 1254 1842 commune
1264 1785 1383 1854 videtis,
1404 1784 1513 1858 etquis
1526 1784 1574 1840 bic
1589 1783 1713 1840 mundus
1726 1784 1753 1839 io
1767 1785 1864 1855 maligno

241 1874 283 1930 vit
298 1873 441 1947 subjectis.
460 1873 536 1939 Quos
554 1871 707 1928 accersitos
723 1871 824 1928 fideles
843 1887 971 1944 quosque
987 1887 1045 1927 non
1096 1874 1209 1946 positus
1222 1874 1258 1930 sit
1271 1873 1301 1946 (1
1312 1874 1395 1930 doun.
1412 1891 1438 1939 v,
1456 1872 1603 1945 tlt),jurta
1618 1887 1730 1928 mecum
1743 1887 1828 1928 omnes
1838 1875 1866 1926 at

241 1961 321 2036 parvi
344 1961 459 2022 numeri
479 1963 547 2018 ante
569 1978 599 2017 se
620 1959 731 2034 positos
746 1962 774 2016 et
796 1961 833 2016 de
848 1960 979 2016 abscessu
994 1976 1046 2016 suo
1097 1961 1251 2018 tenditis.»
1270 1963 1338 2018 Post
1350 1962 1402 2017 hes
1415 1961 1512 2017 dulces
1527 1963 1658 2034 paterne
1672 1959 1777 2033 pietatis
1789 1959 1867 2016 edno-

241 2054 359 2109 moestos
369 2051 413 2107 bis
425 2049 535 2107 ultimis
554 2051 661 2105 solatus
675 2050 718 2104 est
730 2047 841 2104 verbis:
852 2068 868 2101 a
881 2049 961 2116 Ecce,
978 2049 1046 2104 che·
1098 2047 1224 2106 uitiones
1240 2052 1269 2106 et
1283 2053 1414 2106 extrema
1429 2047 1579 2106 charitatis
1593 2048 1683 2104 verba
1696 2047 1799 2104 modica
1809 2047 1867 2102 lebre

241 2140 346 2198 rissimi
366 2142 464 2196 Patres
486 2142 574 2213 atque
596 2136 788 2194 amentissimi
802 2138 915 2204 fratres,
931 2140 1047 2210 tempus
1093 2141 1236 2211 pulsatus,
1253 2141 1282 2195 et
1306 2137 1482 2196 sacrosancti
1497 2137 1628 2210 corporis
1641 2140 1671 2192 et
1686 2135 1816 2208 sanguinis
1827 2137 1866 2191 llo·

242 2229 505 2285 resolutionismcae
517 2228 680 2300 instatque
691 2226 1048 2300 hoectorpentiamembra
1098 2228 1171 2284 mini
1182 2227 1284 2284 viatico
1298 2227 1498 2293 confirmatus,
1521 2226 1577 2282 illis
1602 2225 1760 2282 dolentibus
1777 2229 1801 2279 et
1814 2223 1868 2278 ileo-

243 2316 358 2390 spiritus
372 2317 529 2388 relinquet,
540 2315 690 2387 judicique
701 2331 752 2371 suo
766 2315 984 2386 praesentandus
1000 2330 1048 2370 oc·
1098 2317 1184 2384 tibus,
1198 2316 1206 2371 i
1210 2332 1259 2388 pse
1272 2319 1370 2372 autem
1386 2315 1531 2370 exsultans
1546 2313 1634 2370 tertio
1650 2313 1743 2369 Nonas
1754 2310 1869 2368 Februarii

243 2409 350 2464 currat.
364 2406 427 2462 Non
440 2422 487 2460 me
500 2407 591 2460 terret
606 2407 763 2478 proventus
778 2404 951 2461 conditionis
966 2403 1048 2461 omni
1098 2405 1231 2477 pervenit
1245 2404 1357 2460 adeum
1371 2420 1459 2477 quem
1471 2419 1587 2476 semper
1598 2399 1870 2468 desideraveratfibri·

244 2494 361 2550 mortali
369 2494 543 2561 communis,
559 2511 624 2550 cum
639 2496 701 2549 tota
716 2493 891 2565 sapientium
903 2493 1048 2549 vitecom-
1099 2493 1304 2564 stum.tlorpus
1317 2494 1379 2564 ejus
1388 2491 1548 2548 honorilice
1559 2495 1693 2547 curatum
1703 2506 1763 2546 cum
1773 2488 1871 2544 melodia

243 2582 385 2639 mentatio
399 2581 504 2640 debeat
518 2599 581 2638 esse
597 2581 717 2649 mortis;
738 2581 818 2638 vobis
837 2581 930 2653 magis
946 2581 1047 2650 timeo,
1100 2584 1280 2655 psalmorum
1296 2586 1326 2637 et
1338 2583 1517 2654 hymnorum
1532 2580 1562 2635 in
1578 2581 1643 2636 loco
1660 2594 1715 2650 quo
1728 2576 1781 2652 ipse
1795 2577 1870 2632 decre

244 2687 317 2744 quos
328 2670 480 2727 salvandos
490 2669 749 2726 omnimodisuolo.
766 2670 808 2725 En
824 2685 878 2742 ego
891 2670 966 2725 viam
982 2669 1049 2725 uni·
1099 2673 1180 2727 verat
1199 2674 1241 2726 est
1254 2671 1415 2743 sepultum:
1429 2670 1479 2725 ubi
1496 2685 1548 2744 per
1562 2669 1627 2741 ejus
1644 2667 1746 2724 merita
1762 2667 1872 2722 Dominus

245 2776 335 2817 verses
348 2759 516 2816 comissum
534 2758 727 2831 ingressurus,
743 2761 773 2814 et
787 2758 824 2815 cd
841 2774 890 2814 vos
914 2758 1048 2831 deinceps
1100 2775 1190 2832 usque
1204 2760 1234 2818 in
1250 2775 1378 2831 praesens
1387 2749 1532 2830 'operetur
1544 2757 1749 2816 miraculorum
1761 2753 1873 2811 beneficia

247 2865 307 2905 non
324 2863 504 2916 reversurum
517 2863 568 2904 vos
578 2863 694 2922 quoque
703 2845 870 2915 morituros,
882 2846 1046 2918 charissimi,
1100 2848 1137 2903 ad
1149 2847 1265 2904 laudem
1275 2851 1304 2904 et
1319 2847 1444 2921 gloriam
1459 2845 1588 2906 nominis
1602 2845 1657 2916 sui,
1669 2844 1744 2919 quod
1756 2847 1796 2900 est
1805 2843 1872 2899 bene·
1935 2857 1936 2860 ’

243 2937 356 3007 scitote,
369 2935 493 3010 ideoque
506 2935 683 3008 penitentie
697 2939 814 3009 tempus
828 2935 973 2992 indultum
988 2952 1048 2992 non
1102 2936 1210 2993 dictum
1225 2937 1256 2992 in
1270 2938 1384 2994 seculo.

789 3251 1354 3404 noudum

637 3507 853 3571 rubuario
875 3507 931 3570 AI)
954 3507 1085 3571 VITAM
1107 3507 1254 3571 SANCTI
1275 3507 1515 3573 LANDOALDI

799 3682 882 3756 (Vide
893 3699 975 3756 supro
991 3686 1020 3738 in
1034 3683 1190 3753 Hanrorao,
1207 3685 1261 3741 col.
1277 3687 1351 3750 aba.)

1703 3853 1861 3880 ι-““

534 3945 760 4136 utun
806 3996 1144 4138 sanun
1189 3996 1608 4141 anulum

854 4217 1104 4275 Tnltucrsbsls
1127 4215 1285 4275 crisconi

926 4365 1046 4422 Auctore
1071 4365 1200 4420 Norasne

802 4512 926 4587 (Sunius,
946 4513 1019 4569 Acta
1040 4519 1194 4570 sanctorum
1204 4511 1279 4586 Sept.
1294 4516 1333 4581 3.)

604 4797 858 4887 NOTGERI
897 4799 1156 4890 EPISCOPI
1194 4800 1533 4890 LEODIENSIS

539 4973 588 5028 Ab
628 4970 867 5028 vuntbrfltbblt
907 4973 1067 5030 cabareti
1085 4937 1087 4942 Ι
1107 4972 1275 5030 EPlSTOLA
1316 4971 1596 5028 nuncupatorum.

275 5097 431 5165 Norosuus,
447 5113 545 5170 quern,
566 5097 618 5154 etsi
637 5097 803 5171 indignum,
821 5099 933 5155 Senotae
947 5098 1042 5156 Mariae
1062 5097 1468 5174 Gepiscopum,Wanrarn1oo
1483 5094 1641 5153 venerabili
1655 5094 1686 5150 in
1702 5089 1804 5149 Christo
1817 5076 1872 5156 ptffi

239 5187 392 5260 Sanctique
406 5185 552 5243 Lambcrti
566 5185 747 5258 mancipium
762 5187 922 5260 praedicant
945 5191 1043 5244 tamen
1094 5192 1123 5244 et
1136 5186 1335 5244 consacerdoti
1348 5185 1447 5242 salutis
1466 5189 1583 5241 {eternae
1599 5182 1767 5240 subsidium.

276 5329 317 5404 (9)
325 5332 358 5386 In
369 5329 538 5402 apographo
551 5328 730 5386 Andeinensi
750 5329 856 5400 legitur
872 5346 879 5384 ε
895 5328 1046 5402 Pcrpturo
1096 5329 1147 5386 lini
1162 5329 1273 5386 obitum
1295 5344 1372 5385 anno
1388 5326 1463 5383 circa
1478 5329 1531 5384 690
1547 5325 1758 5397 consignemus.
1772 5319 1869 5374 Sacrum

244 5403 369 5459 tredecim
383 5416 517 5457 annorum
526 5401 672 5455 curriculo.
688 5400 795 5455 Verum
810 5401 917 5456 diutius
937 5401 967 5456 in
983 5416 1045 5457 mo·
1098 5402 1121 5472 ej
1128 5419 1158 5456 us
1166 5417 1216 5456 cor
1238 5399 1332 5456 usillic
1345 5398 1452 5472 quievit
1466 5399 1503 5454 ed
1518 5413 1629 5453 annum
1645 5411 1733 5468 usque
1743 5389 1813 5474 llll,
1826 5393 1869 5455 (1¹¹⁰

244 5471 372 5529 nasmrio
384 5489 401 5526 a
412 5489 442 5527 se
453 5471 570 5528 condito
580 5473 768 5552 conversatus
777 5473 820 5526 est
830 5471 995 5538 badelinus,
1010 5471 1045 5527 si·
1097 5473 1125 5528 in
1143 5417 1283 5598 ⁰PRJS¹¹¹¹¹
1296 5471 1423 5553 ttisetum
1438 5468 1620 5525 Leodicensis
1639 5467 1761 5545 dioecesrs
1774 5459 1805 5514 ad
1815 5455 1868 5510 dex·

243 5543 363 5620 quidem
373 5545 458 5598 notus
469 5543 524 5599 luit
535 5541 657 5614 Pippino
671 5541 940 5615 ldaporrdomus‚qui
951 5543 1045 5616 Pippi·
1097 5547 1172 5599 tram
1213 5559 1270 5599 ose
1283 5559 1377 5615 rupem
1396 5544 1542 5596 invectum
1557 5542 1609 5607 est,
1624 5535 1789 5614 Callensibus
1799 5537 1868 5609 canl·

245 5625 299 5678 ans
313 5613 361 5670 bie
373 5613 410 5669 ab
424 5613 709 5680 anctoreraxdiotus,
721 5617 858 5670 nonanta
870 5630 981 5670 annum
996 5617 1046 5672 687
1097 5614 1169 5671 uicis
1176 5611 1269 5672 isthuc
1278 5613 1424 5670 translatis
1436 5612 1472 5668 ob
1483 5612 1624 5669 baronum
1638 5608 1796 5665 cellensium
1809 5595 1867 5652 rufe

242 5683 343 5768 palatii
356 5682 631 5762 preelectursquiete
643 5684 749 5756 potitus
759 5685 812 5742 est.
821 5685 903 5742 Unde
913 5684 942 5745 S.
955 5685 1047 5742 liade·
1097 5683 1244 5744 stationes.
1261 5685 1326 5743 flac
1338 5683 1487 5742 translatio
1503 5699 1518 5738 r
1532 5681 1596 5739 idus
1610 5679 1709 5738 octob.
1722 5671 1865 5732 celebretur·
