3944 6186
107 449 174 504 ltltt
654 435 733 496 virt
747 437 778 496 S.
793 433 957 493 utaentur
974 433 1222 494 CONFESSORlS.
1697 440 1767 502 titt

104 585 201 626 canes.
217 569 275 625 lloc
284 567 435 640 comperto
446 559 495 638 qui
506 567 574 620 tunc
585 563 725 636 temporis
734 561 835 618 aderat
844 577 915 633 pre·
926 561 955 622 A
968 559 1075 625 Quibus
1088 562 1129 617 ita
1144 561 1429 635 gestis,·inllrmitate
1439 561 1542 621 ultima
1551 571 1699 639 preventa
1711 563 1766 627 est.

104 660 159 725 sul,
169 658 251 729 cujus
261 672 349 726 nime,
364 658 423 712 lleo
444 656 602 720 annuente,
623 651 752 714 nouiioe,
766 666 825 705 nou
840 648 913 720 proh
965 649 1095 722 Cumque
1106 651 1242 706 lectulum
1252 652 1522 724 illiusplurimorum
1537 654 1767 730 circumstiparet

106 746 202 803 naim!
216 745 321 801 merito
330 743 548 814 taurulamnr(5]
561 741 632 809 sedi,
645 737 912 796 auctoritateiuler·
964 737 1091 794 fidelium
1103 743 1209 807 turma,
1223 740 1259 795 de
1276 741 1407 797 absentia
1422 741 1474 798 viri
1493 744 1583 799 sancti
1599 745 1688 801 llebili
1698 764 1765 802 cum

106 835 231 891 minavit
241 827 410 907 episcopali,
425 849 461 886 uo
474 831 537 903 quis
551 831 678 902 posthaec
693 845 780 902 eques
795 825 913 882 oratorii
964 827 1004 882 eis
1017 831 1060 882 est
1074 845 1142 884 voce
1159 834 1316 902 conquesta
1336 849 1342 886 z
1359 835 1387 887 et
1407 849 1474 888 cum
1498 833 1728 908 interrogaretur
1748 854 1766 892 a

106 922 182 978 illius
200 922 357 995 attingeret
371 921 443 976 fines
460 937 466 972 :
484 919 627 990 delegavit
639 918 694 974 illie
707 931 914 989 quoqueerre·
965 916 1121 973 nostriscui
1129 917 1199 972 illud
1211 918 1345 991 delegare
1353 921 1447 988 vellet,
1459 921 1563 978 iterata
1579 920 1682 997 sapius
1696 941 1765 982 voce

107 1013 227 1080 ditibus,
242 1017 273 1067 ut
285 1027 348 1066 rem
361 1010 494 1065 Ecclesiae
511 1013 627 1076 nostrae,
645 1009 740 1064 villam
759 1023 824 1078 quae
835 1006 914 1060 llous
964 1005 1113 1077 respondit
1125 1025 1131 1061 z
1143 1007 1293 1074 llodalino,
1303 1008 1455 1078 lladalino,
1468 1009 1616 1080 lladaliuo,
1632 1013 1765 1086 iuquam,

108 1101 264 1158 Francheri
281 1101 317 1172 (6)
333 1099 521 1166 roratur,·ubi
535 1098 706 1152 miraculum
721 1095 798 1168 quod
811 1093 914 1150 accidit
964 1093 1197 1166 beato.Cumqne
1211 1098 1422 1168 wantuurtttiu
1438 1115 1527 1154 maun
1544 1103 1586 1170 tut
1603 1102 1693 1157 moris
1714 1108 1768 1174 est)
1788 1085 1794 1094 ⁴

110 1195 138 1245 et
155 1188 307 1245 memoriae
319 1204 396 1244 nunc
407 1187 572 1253 intervenit,
585 1186 666 1241 nelos
675 1185 757 1240 silere
767 1187 911 1257 putamus.
963 1182 1096 1256 legaliter
1107 1184 1247 1241 tradenda
1256 1189 1381 1252 teneret,
1390 1190 1419 1242 et
1430 1187 1482 1243 viri
1496 1189 1645 1247 differetur
1660 1192 1766 1248 adven-

144 1281 170 1334 8.
183 1279 254 1333 Cum
266 1293 332 1332 casu
342 1275 543 1331 messoressibi
558 1275 724 1331 laborarent
734 1273 848 1338 heriles,
870 1270 912 1326 di·
965 1275 1010 1327 tus
1026 1273 1189 1344 exspiravit.
1204 1274 1327 1329 Correus
1338 1279 1435 1332 autem
1452 1277 1570 1333 nuntius
1590 1280 1627 1334 ad
1646 1280 1765 1336 beatum

106 1368 533 1439 rigantsanctocouqucreutes
543 1381 575 1418 ex
586 1359 913 1435 suislegatum,humili-
965 1359 1014 1433 qui
1029 1364 1097 1416 tunc
1109 1363 1290 1436 lorteuberat
1299 1362 1480 1430 lladalinnm,
1493 1365 1628 1422 indicavit
1640 1367 1666 1422 ei
1678 1371 1707 1423 et
1717 1370 1768 1425 do·

107 1459 152 1510 ter
164 1457 317 1510 exorantes
327 1452 489 1508 remedium
501 1452 639 1508 adhibere
654 1449 914 1524 opportunumllle
965 1451 1057 1506 loreur
1073 1451 1225 1506 morientis
1233 1455 1262 1505 et
1270 1467 1386 1508 causam
1397 1454 1546 1509 tradendae
1554 1455 1607 1510 sibi
1613 1457 1767 1528 possessio·

106 1559 173 1598 uero
185 1560 215 1597 se
228 1541 336 1598 misisse
350 1541 404 1595 illis
412 1541 474 1610 jam
486 1540 809 1612 1·etulilpotom,rernm
821 1536 914 1608 segni·
965 1539 1018 1594 nis.
1033 1539 1172 1594 Veniente
1186 1540 1283 1612 itaque
1298 1545 1408 1609 sanctu,
1426 1547 1453 1597 et
1468 1544 1563 1599 cordis
1575 1545 1636 1616 ejus
1651 1547 1765 1618 pulsnm

108 1632 146 1686 tie
163 1629 302 1686 delatoris
319 1630 451 1685 dilatum.
466 1631 505 1684 Ne
518 1644 585 1684 roro
598 1628 643 1683 siti
656 1629 822 1684 laborantes
836 1624 914 1697 peri·
965 1643 1054 1682 manu
1068 1627 1204 1695 rimante,
1224 1629 1246 1684 si
1258 1629 1320 1700 jam
1338 1631 1477 1686 exstincta
1488 1632 1619 1688 funditus
1633 1639 1717 1704 esset,
1731 1634 1768 1689 ri·

106 1721 278 1775 clitarenlur
293 1718 415 1785 diutina,
432 1721 547 1772 sanctus
563 1717 599 1771 ad
625 1717 719 1771 locum
745 1714 912 1782 adveniens,
964 1721 1065 1788 gentes
1083 1717 1202 1773 occiduo
1215 1733 1282 1772 casn
1298 1718 1434 1774 articulos
1448 1720 1569 1792 (mirum
1593 1723 1681 1787 dictu)
1696 1738 1728 1777 ae
1743 1723 1767 1779 si

106 1825 251 1864 messores
261 1807 396 1863 bacillum
406 1823 463 1879 qno
472 1807 563 1860 iverat
572 1805 681 1876 figit,et
695 1803 798 1859 affectu
809 1801 913 1857 intimo
964 1804 1061 1860 vivens
1071 1805 1194 1876 aperuit,
1203 1807 1349 1862 etcunctis
1359 1807 1522 1863 videntibus
1534 1809 1583 1881 qni
1592 1810 1713 1865 aderaut
1727 1810 1768 1866 lo·

106 1897 202 1952 cordis
216 1895 317 1951 orarit.
333 1895 419 1966 Cujus
435 1893 574 1950 orationis
590 1894 677 1948 rerba
695 1891 790 1948 cordis
803 1894 914 1945 scruta·
926 1871 951 1931 Β
965 1909 1030 1948 cum
1046 1895 1130 1949 beato
1147 1895 1331 1978 contradidit.
1351 1895 1439 1966 llujus
1453 1897 1495 1952 rei
1511 1900 1553 1952 tot
1570 1914 1603 1952 ac
1619 1899 1691 1953 tanti
1706 1898 1766 1954 exi·

107 1990 152 2041 tor
165 1984 286 2050 audiuit,
303 1987 332 2040 et
355 1984 420 2040 lons
443 1983 574 2055 largitlua
596 1982 753 2037 scaturiens
775 1980 913 2036 contiuuo
965 1985 1044 2036 stunt
1059 1985 1235 2054 testes,quot
1247 1982 1373 2054 regionis
1387 1983 1462 2038 illius
1475 1987 1608 2040 constant
1622 1984 1766 2042 inhabita·

106 2076 213 2146 erupit,
228 2073 391 2128 sitibundos
406 2072 538 2138 exsatiat,
554 2071 689 2126 meritum
706 2069 759 2123 viri
775 2068 912 2124 declarat.
966 2075 1055 2126 tores,
1067 2072 1511 2138 Patetctiamclarinsluce‚dum
1522 2074 1767 2134 incolaeeumdem

142 2165 169 2217 9.
186 2161 356 2234 Emporium
373 2161 511 2233 peridem
525 2163 639 2231 tempus
652 2155 914 2230 quoddiciturDio-
964 2160 1060 2215 locum
1075 2159 1210 2215 videntur
1223 2160 1380 2231 possidere,
1394 2160 1443 2232 qui
1458 2161 1541 2217 dictis
1554 2162 1643 2218 fldem
1659 2163 1769 2218 laniunt

106 2257 173 2304 nuru
188 2251 259 2305 duro
273 2249 445 2322 praeteriret,
460 2265 525 2303 ecce
541 2248 673 2320 quaedam
688 2246 793 2301 rnnlior
816 2261 913 2300 accur·
965 2264 1055 2320 usque
1069 2248 1167 2306 hodie.

105 2356 185 2406 rens,
209 2337 413 2409 mugitumque
437 2337 513 2392 vocis
537 2337 683 2400 emittens,
711 2333 831 2406 vestigio
853 2334 914 2405 ejus
1003 2337 1766 2412 ll.Procedsulcrursustemporetanruseasupetul-

107 2427 308 2493 osculabatur;
321 2426 369 2480 sed
380 2443 443 2496 quae
453 2421 914 2494 anhelabatcorde,voceimplere
965 2442 1014 2479 cus
1027 2425 1133 2480 ostium
1144 2426 1292 2494 cujusdam
1305 2427 1468 2498 effregerat.
1478 2427 1607 2499 Cumque
1618 2428 1679 2498 ejus
1688 2427 1769 2486 inha-

105 2513 398 2588 nequibat.Snbstitit
409 2515 527 2584 arguet
536 2511 757 2584 populumcirca
771 2528 801 2566 se
818 2513 913 2566 astau-
966 2513 1080 2568 hitatrix
1094 2514 1377 2584 mulierculaejulotu
1387 2514 1563 2572 llebilissimo
1574 2519 1677 2572 cuncta
1689 2533 1768 2571 com·

104 2607 165 2659 tem
182 2619 318 2675 quaenam
326 2605 409 2668 esset,
420 2601 586 2672 qualiterve
598 2600 626 2655 id
638 2600 663 2654 ei
674 2598 915 2659 accidissetinter-
965 2605 1069 2674 pleret‚
1079 2603 1314 2675 heresbenignns
1322 2603 1424 2670 adfuit,
1433 2619 1556 2676 eamque
1564 2604 1770 2676 quidsibiacei-

104 2693 232 2765 rogavit.
248 2693 284 2745 dt
296 2691 337 2745 illi
352 2695 383 2745 ιιι
405 2691 529 2744 multum
550 2687 692 2760 temporis
707 2688 768 2758 jum
793 2689 915 2742 tluxerat
966 2691 1041 2746 derit
1055 2694 1087 2745 ut
1099 2691 1143 2746 his
1157 2707 1206 2745 eos
1216 2692 1391 2748 clamoribus
1407 2690 1767 2764 congregaretiuquisirit:

102 2783 185 2853 quod
197 2783 280 2835 muta
291 2779 392 2834 effecta
402 2778 598 2844 sitintimarit,
607 2781 636 2831 et
649 2779 679 2830 ut
690 2777 716 2830 ei
727 2775 878 2831 infortunii
886 2777 915 2829 et
966 2779 1140 2851 cognitaque
1151 2779 1191 2834 rei
1205 2781 1335 2846 notione,
1344 2795 1407 2834 eam
1416 2780 1522 2835 solatus
1530 2782 1573 2834 est
1584 2779 1681 2834 dicens
1689 2796 1695 2833 :
1703 2798 1719 2831 ι
1728 2779 1768 2834 Ne

103 2869 284 2926 infelicitatis
295 2867 424 2923 misereri
438 2867 576 2938 dignetur
586 2865 727 2937 supplices
737 2881 838 2920 omnes
848 2863 915 2920 offe-
966 2867 1144 2938 perturberis
1157 2868 1262 2922 misera
1273 2867 1302 2921 iu
1316 2866 1450 2939 tugurioli
1463 2867 1605 2933 tuirniua,
1616 2866 1666 2920 sed
1676 2866 1775 2939 magis

102 2961 175 3013 runt
184 2973 295 3028 preces.
304 2955 394 3030 utine
409 2973 415 3010 :
429 2978 443 3004 u
455 2955 597 3020 Nonhaec,
612 2954 715 3025 inquit,
725 2957 824 3009 nostra
836 2939 913 3020 suni,
966 2955 1050 3010 bonis
1064 2955 1202 3028 operibus
1217 2957 1346 3022 elabora,
1361 2960 1392 3010 ut
1407 2955 1436 3010 iu
1457 2955 1505 3009 illa
1522 2971 1579 3026 qua
1602 2953 1769 3009 mansiones

103 3047 156 3102 sed
168 3049 336 3101 sauctorum
354 3047 483 3110 Pati-um,
494 3058 618 3116 quornm
636 3058 687 3098 nos
700 3057 839 3115 suppares
854 3057 914 3096 esse
966 3044 1065 3098 multae
1079 3048 1146 3099 sunt
1162 3045 1301 3099 merearis
1317 3044 1376 3098 lieri
1394 3043 1498 3098 incola.
1518 3064 1531 3092 n
1548 3044 1582 3098 llt
1596 3043 1657 3097 haec
1672 3042 1769 3097 dicens

104 3135 206 3192 meriti
214 3133 325 3189 utinam
333 3133 566 3204 contingeretrcl
575 3131 728 3187 extremis»
738 3113 951 3202 reputasse-G
966 3130 1073 3186 ostium
1086 3131 1381 3205 signavit,integritati
1392 3131 1520 3204 pristinos
1533 3131 1620 3186 verbo
1631 3130 1767 3198 reddidit,

104 3231 164 3279 tem
179 3223 295 3294 magnis
305 3220 765 3292 clamoribussuggerebat,utqui
775 3219 914 3290 pietatem
967 3219 1160 3276 admiratione
1173 3223 1277 3276 cuncta
1294 3221 1425 3294 replevit,
1441 3237 1528 3292 seque
1536 3219 1709 3290 jactantiam
1727 3219 1771 3274 lu·

105 3317 133 3367 et
151 3311 338 3367 clementiam
358 3327 475 3381 semper
493 3311 642 3376 docuerat,
667 3309 726 3382 ipse
747 3324 861 3382 quoqne
884 3308 914 3362 iu
965 3307 1062 3378 gitans
1076 3309 1205 3364 concitus
1221 3309 1342 3366 abdidit.

108 3401 225 3456 miseria
236 3397 675 3470 illiusrnulicrculasdignaretur
686 3397 848 3452 ostendere.
861 3397 913 3460 Qui
1004 3401 1046 3452 m.
1072 3397 1185 3470 Pauper
1206 3399 1294 3470 igitur
1315 3399 1426 3471 spiritu,
1443 3397 1510 3470 qnia
1532 3414 1599 3452 casu
1622 3397 1770 3470 nequibat,

109 3491 163 3544 stat
178 3489 286 3562 pietate
299 3491 404 3554 motae,
421 3491 450 3543 ct
465 3487 499 3542 de
512 3487 604 3542 verbis
620 3486 734 3542 Domini
752 3503 815 3558 qum
829 3485 914 3540 disci·
966 3486 1070 3541 all'ectu
1085 3487 1770 3560 regnumeoelorumemerecoutendebat,mitis·

116 3577 185 3647 pulis
200 3577 258 3632 suis
277 3576 454 3651 promiserat
470 3593 476 3630 2
493 3575 663 3648 Quocunque
686 3582 790 3629 orontes
807 3576 912 3646 petitis,
966 3575 1096 3646 simaque
1110 3579 1208 3630 urente
1216 3579 1324 3631 terram
1336 3575 1490 3632 viventium
1499 3575 1646 3647 possidere
1656 3575 1770 3630 sedulus

115 3665 245 3720 credendes
260 3667 392 3735 accipietis
407 3663 506 3736 (dlurc.
524 3681 563 3727 ru,
580 3663 637 3736 ul),
663 3663 796 3729 conlisus,
819 3665 913 3718 totum
966 3664 1129 3730 affectabat,
1146 3680 1271 3736 cumque
1282 3665 1405 3720 esuriret
1415 3667 1443 3720 et
1457 3664 1548 3720 sitiret
1559 3664 1711 3735 justiliam,
1730 3681 1771 3719 sa·

116 3771 141 3806 so
156 3754 192 3809 ad
217 3753 374 3808 Dominum
395 3753 517 3808 contulit
541 3753 669 3818 dovotus,
697 3752 914 3824 prostratusque
965 3753 1031 3807 tiari
1043 3770 1107 3807 cum
1120 3753 1221 3808 Christi
1234 3753 1469 3808 manifestaretur
1478 3753 1570 3824 gloria
1583 3753 1771 3818 ambiensis·

115 3841 197 3896 burno
216 3841 350 3912 lacrymis
368 3842 478 3896 orabat.
498 3841 635 3896 Oratione
659 3843 783 3911 expleta,
798 3839 914 3910 signum
966 3842 1149 3896 mamsoculi
1164 3858 1215 3914 pro
1229 3842 1320 3896 nihilo
1334 3841 1465 3896 ducebat.
1477 3841 1521 3907 Et,
1531 3843 1563 3894 ut
1574 3841 1663 3895 Deum
1673 3843 1770 3895 mente

118 3935 213 3986 sauctae
227 3931 318 3986 crucis
333 3931 376 3986 ori
391 3931 452 4001 ejus
462 3931 608 4002 impressit
622 3947 629 3985 ι
643 3947 710 3986 mox
722 3929 838 3984 illaDeo
851 3945 915 4000 gra·
966 3929 1140 4000 conciperet,
1148 3928 1383 4001 limpidissimum
1391 3928 1607 3984 cordisoculum
1619 3945 1636 3981 a
1649 3927 1770 3984 malivo-

119 4017 164 4074 tias
177 4020 284 4075 eunctis
298 4020 481 4076 audientibus
495 4020 564 4091 egit,
577 4035 677 4075 rocem
690 4009 862 4074 laudationis
872 4021 913 4072 at·
965 4017 1056 4074 lentio
1072 4022 1101 4072 ct
1115 4018 1297 4073 secularium
1317 4034 1451 4072 curarum
1467 4019 1584 4089 pulvere
1599 4032 1771 4072 conservare

119 4107 193 4174 tollit,
209 4111 239 4162 et
252 4109 379 4180 posthaec
395 4111 453 4163 lteo
471 4108 575 4163 devota
591 4107 762 4179 permansit.
965 4108 1108 4162 studebat.
1127 4107 1160 4161 Et
1173 4107 1240 4162 licet
1255 4123 1321 4162 caro
1331 4107 1472 4161 'adversus
1487 4105 1633 4176 spiritum,
1654 4103 1770 4176 spiritus

152 4201 188 4251 lo.
206 4197 293 4268 Cujus
309 4197 350 4252 rei
366 4197 561 4252 admiratione
578 4199 712 4269 permota
724 4197 870 4269 quaedam,
885 4197 916 4249 ιιι
966 4199 1064 4252 autem
1078 4197 1213 4250 adversus
1229 4211 1346 4250 carnem
1358 4195 1432 4264 (Gal.
1450 4211 1476 4260 v,
1495 4193 1547 4264 m),
1565 4193 1635 4249 dum
1655 4195 1771 4248 terrena

119 4281 319 4359 lertur,potons
332 4291 477 4352 matrona,
494 4286 612 4341 nomine
627 4286 739 4357 Aquila,
755 4286 835 4356 cujus
848 4289 915 4340 tuuc
967 4282 1772 4356 inhabitatiosensnmdeprimit,multacogitante1usem·

119 4375 173 4426 erat
183 4375 327 4446 Anthegia
336 4375 375 4448 [7)
388 4377 454 4430 villa
463 4374 623 4440 notissima,
634 4373 713 4428 dedit
727 4375 784 4428 lleu
799 4373 836 4427 ad
849 4389 914 4427 san·
928 4391 954 4450 Ι)
967 4389 1019 4444 per
1031 4371 1232 4442 concupiscere
1245 4373 1346 4439 soleat,
1363 4361 1465 4443 pac'em
1484 4370 1536 4424 iste
1558 4369 1713 4424 mirificam
1727 4368 1740 4423 l
1758 4397 1771 4409 ·

118 4459 149 4513 cti
163 4463 388 4517 sustentaculum
406 4461 537 4528 llnssina,
554 4461 630 4533 qnod
653 4460 757 4515 dicitur
775 4459 913 4514 dlunuun.
967 4459 1197 4530 cieusspirilum
1206 4458 1396 4526 carni,lleum
1409 4457 1520 4530 spiritui
1528 4457 1674 4513 dominari
1682 4456 1771 4529 vigori

119 4546 168 4602 lloc
180 4551 310 4624 exemplo
328 4552 460 4632 etaltera
475 4549 610 4622 quaedam
626 4549 709 4604 Guiza
720 4551 831 4616 vocata,
848 4565 914 4604 cum
966 4549 1161 4620 compellebat
1179 4546 1277 4628 herili,
1291 4551 1322 4602 ut
1337 4549 1427 4602 lleum
1442 4548 1580 4603 coelorum
1591 4611 1592 4616 ἵ
1602 4546 1632 4600 iu
1649 4545 1717 4601 Sion
1731 4545 1772 4600 vi-

117 4637 223 4693 traderc
237 4640 296 4694 lleo
308 4656 360 4711 per
371 4656 491 4694 manum
501 4639 632 4709 ejusdem
645 4638 802 4693 beatissimi
816 4638 915 4694 rideli-
966 4639 1101 4709 dereejus
1113 4636 1771 4711 queexcubiismerereturindeficuoadhaerere,

117 4729 156 4779 ιιι
169 4727 300 4782 lladalini
317 4727 459 4798 prandium
475 4728 553 4799 qnod
571 4727 641 4781 Vultu
653 4727 805 4781 dicebatur
819 4728 913 4792 vellet,
966 4729 995 4781 ct
1009 4726 1083 4781 nlius
1099 4725 1148 4781 ltei
1165 4742 1225 4782 uon
1238 4724 1356 4797 quidem
1370 4729 1485 4793 natura,
1501 4741 1601 4780 verum
1617 4723 1711 4796 gratia
1722 4739 1771 4778 vo·

113 4831 274 4886 cognomen
290 4817 456 4869 arurallnlo
473 4815 620 4871 deducens
634 4815 872 4881 sancti,ldontem
885 4815 914 4874 S.
967 4815 1024 4870 cari
1039 4815 1227 4870 etesse.Saue
1237 4815 1570 4870 internorumbouorum
1582 4829 1700 4868 snorum
1711 4810 1772 4868 lor·

113 4903 242 4958 lladalini
265 4903 294 4957 in
311 4905 458 4975 posterum
483 4902 577 4959 vocari
596 4903 734 4975 disposuit
751 4921 758 4958 :
776 4903 916 4959 didicerat
967 4921 1030 4958 mas
1043 4907 1072 4959 ct
1085 4903 1194 4974 species
1209 4903 1281 4957 sicut
1297 4919 1384 4958 nemo
1397 4902 1434 4957 ad
1450 4901 1672 4974 plenumpotuit
1685 4901 1773 4974 inspi-

112 5007 233 5064 namqne
250 4992 329 5064 quod
340 4992 503 5063 redemptio
518 4993 624 5047 animus
641 4993 694 5049 riri
717 4993 822 5048 divitiae
843 4993 914 5064 ejus.
967 5008 1043 5059 cere,
1062 4992 1102 5046 ita
1118 5008 1206 5046 nemi)
1230 4991 1336 5046 sufficit
1363 4989 1504 5064 explicare
1520 5007 1526 5045 ι
1543 5007 1613 5062 quas
1631 4990 1703 5045 sicut
1724 4989 1773 5044 illo

144 5116 185 5185 (ὅ)
202 5115 275 5170 lliuc
292 5133 349 5171 nou
368 5115 516 5172 innuerito
538 5117 648 5187 colligit
670 5117 822 5172 bollandus
836 5117 917 5174 istius
967 5117 1079 5173 landus.

115 5183 339 5242 t'iteauetoreni
351 5207 411 5242 esse
421 5188 579 5260 liutgerum
593 5188 915 5260 Leoclicenscmepisco·
1004 5191 1046 5258 (8)
1063 5189 1180 5242 Wantos
1195 5205 1244 5242 seu
1258 5181 1772 5257 chirothecas,Gallipontrvernacule

113 5271 186 5378 pum,
200 5259 250 5338 qui
265 5260 348 5330 plura
358 5259 383 5312 iil
399 5276 490 5318 avianus
505 5258 611 5330 scripta
629 5260 798 5323 lucubravit,
813 5259 916 5332 istique
967 5263 1083 5316 rorant.
1101 5259 1200 5314 Varios
1215 5259 1286 5313 ritus
1300 5259 1450 5314 tradendae
1467 5256 1661 5331 possessionis,
1671 5251 1770 5333 per[e·

131 5329 239 5384 cclesne
251 5329 287 5384 ab
300 5347 377 5384 antro
389 5334 435 5382 til
450 5329 486 5382 ad
498 5333 565 5384 ltlttl
583 5330 707 5401 prinluit.
967 5339 1072 5386 attico-in
1092 5332 1146 5384 sinc
1161 5331 1280 5400 juncum
1300 5337 1349 5384 ιιι
1366 5331 1496 5400 scirpum,
1511 5345 1561 5398 per
1579 5327 1699 5394 cespitem
1719 5339 1773 5376 slve

141 5405 182 5471 tii)
196 5400 280 5454 Vicus
292 5404 335 5453 est
350 5401 427 5453 inter
443 5401 693 5456 Caroloinoutium
709 5405 737 5454 et
753 5401 916 5456 llariaebur-
968 5401 1084 5472 plebum,
1096 5419 1146 5472 per
1168 5403 1272 5471 virgum
1294 5418 1338 5455 scu
1360 5401 1494 5465 dirrutum,
1514 5415 1562 5468 per
1584 5403 1704 5449 uantum
1727 5409 1773 5448 seu

114 5480 176 5534 gum
191 5471 312 5542 oppida,
329 5471 365 5524 ad
382 5471 689 5526 carionicostlellcnses
703 5472 917 5543 laodiequeper·
968 5473 1156 5539 clurollreruna,
1178 5489 1228 5542 per
1252 5471 1388 5527 cultellum
1411 5487 1473 5524 cum
1494 5469 1587 5538 cespite
1610 5475 1635 5522 et
1657 5467 1771 5536 festuca,

113 5537 214 5596 linens.
968 5545 1098 5614 aliosque
1115 5543 1291 5614 abantiquis
1307 5544 1457 5614 usurpatos
1476 5538 1565 5593 relsrt
1580 5538 1773 5608 Hieronymus

140 5615 183 5684 (7)
198 5611 354 5679 Aotlregia.
373 5614 455 5684 vulgo
469 5612 674 5679 Arrtlu'e,estin
686 5612 783 5668 medio
800 5613 913 5676 itincre,
966 5615 1124 5684 bignonius
1140 5614 1168 5670 in
1182 5615 1260 5672 Notis
1275 5614 1312 5670 ad
1326 5613 1374 5670 lib.
1392 5629 1412 5680 ι,
1426 5626 1490 5682 cap.
1507 5608 1539 5666 l3
1554 5609 1681 5668 Formul.
1697 5607 1771 5664 Μιτ-

107 5691 209 5749 duona
223 5683 332 5756 oppido
347 5683 492 5740 Dionanto
509 5684 637 5740 Floriuss
657 5685 725 5752 itur,
739 5684 833 5757 inquit
849 5687 911 5746 uiu-
965 5686 1040 5746 culti.
