4022 6188
217 391 282 447 reri
850 367 1221 439 remurmurans
1808 379 1888 438 rara

216 506 438 565 num.lnlocum
448 515 536 576 quem
546 500 899 575 dieunttdazamet,ipsum
907 503 1021 558 alodem
1031 504 1059 565 Δ
1071 517 1250 574 quaecunque
1262 501 1397 570 diximus,
1413 497 1456 555 vel
1471 512 1536 573 qua
1549 515 1609 558 666
1622 497 1757 570 diximus,
1771 501 1888 573 pradia

217 592 650 671 quiluitdehuriahiojudiceln
658 593 1020 660 comitatuBarcinonense,
1071 591 1211 663 acquisita
1221 591 1264 647 val
1273 590 1460 663 acquirenda,
1471 607 1504 646 ac
1514 589 1610 646 Sancti
1622 594 1846 663 protomartpris
1854 595 1888 648 et

216 687 245 742 in
264 687 350 741 valles
375 683 452 754 ipsos
467 681 574 749 alodes,
590 698 654 753 quaa
667 682 744 736 Bella
758 682 869 737 lamina
884 681 992 737 dimisit
1006 697 1023 736 a
1072 681 1164 736 levitae
1174 680 1312 752 Stephani
1326 680 1501 745 omnobium,
1513 679 1543 733 in
1558 680 1631 735 valla
1645 678 1754 735 Sterria
1779 680 1886 748 611666,

216 776 320 830 Sancto
336 772 484 842 Stephano
496 770 568 825 sicut
591 770 619 824 16
650 785 701 823 666
724 770 833 840 judicio
848 773 974 825 resonat.
990 771 1022 823 ln
1072 769 1257 841 pertinentia,
1274 769 1445 824 auctoritate
1456 769 1497 822 illi
1508 769 1662 823 firmantur
1684 769 1799 824 anobis
1813 785 1889 842 apo-

215 862 353 936 parochia
365 862 400 916 de
414 859 518 915 Sancto
540 859 641 926 Felice,
651 875 738 930 quem
749 859 850 914 dicunt
865 859 900 913 de
916 857 1021 924 Buada,
1072 857 1339 914 tolica.Statuimus
1364 861 1460 912 autem
1486 859 1527 924 ut,
1556 857 1672 927 quando
1688 857 1780 912 abbas
1793 858 1887 930 ipsius

216 947 793 1021 66116166616616661666161666166666
801 947 1024 1002 dicunt'lorren·
1074 946 1241 1001 monasterii
1252 945 1365 1012 obierit,
1378 962 1471 1017 neque
1485 962 1503 999 a
1513 944 1640 1017 regibus,
1652 960 1776 1017 nequas
1791 946 1888 1000 comi-

216 1040 289 1108 11116,
304 1040 347 1093 vel
361 1037 437 1092 intra
447 1037 508 1108 ejus
519 1035 669 1102 terminos,
678 1035 708 1089 in
719 1037 815 1091 locum
826 1051 911 1107 quem
925 1034 1024 1088 dicunt
1073 1033 1159 1101 tibus,
1174 1050 1268 1106 neque
1281 1034 1500 1106 aqualicunque
1516 1048 1639 1105 6666666
1650 1049 1703 1106 666
1717 1033 1886 1105 cupiditatis

215 1129 366 1190 16666616,
379 1127 422 1180 vel
436 1125 511 1180 16166
539 1124 599 1193 ojus
611 1125 760 1192 terminos,
774 1125 849 1197 ipsas
862 1125 1022 1179 commuta·
1072 1122 1203 1192 pecunia
1219 1139 1313 1190 causa,
1328 1137 1483 1194 nequepro
1496 1121 1687 1193 qualicunque
1699 1121 1884 1178 1666616166-

206 1216 393 1286 -tioncsquas
407 1213 566 1269 Crustarius
581 1213 659 1268 iecit.
679 1213 763 1285 Apud
785 1212 894 1268 11166116
910 1212 1022 1278 domos,
1073 1209 1118 1264 nis
1141 1209 1234 1280 gloria
1258 1209 1365 1264 ibidem
1388 1208 1599 1264 constituantur
1625 1208 1760 1275 abbates;
1786 1207 1838 1263 sed
1866 1225 1886 1264 a

217 1307 309 1360 terras
320 1305 410 1359 cultas
422 1307 451 1357 et
461 1316 584 1370 eremas,
599 1301 708 1356 clausas
725 1301 886 1368 arboribus,
907 1303 936 1355 et
948 1299 1024 1370 ipsas
1073 1296 1182 1352 cunctis
1195 1295 1233 1352 ibi
1249 1297 1418 1367 degentibus
1432 1295 1520 1351 servis
1532 1294 1583 1350 Dei
1597 1295 1757 1350 secundum
1777 1296 1883 1362 116666,

216 1392 313 1448 vitreas
332 1407 395 1463 quae
419 1391 539 1445 Sanetus
562 1389 724 1460 Stephanus
747 1389 833 1444 debet
859 1389 975 1444 habere.
991 1389 1023 1442 ln
1070 1383 1153 1456 juxta
1163 1383 1307 1439 Benedicti
1321 1384 1412 1438 Patris
1430 1384 1561 1454 regulam
1591 1383 1736 1454 eligantur
1749 1382 1883 1437 abbates.

218 1481 361 1552 Segalers,
377 1495 440 1551 quoe
454 1477 622 1534 Seniolredc
638 1477 710 1530 Witu
723 1480 814 1544 tenet,
826 1479 855 1531 et
868 1475 930 1548 ipsa
942 1476 1025 1532 vinea
1074 1471 1180 1527 1166666
1194 1487 1310 1544 quoque
1325 1471 1472 1527 licentiam
1487 1470 1576 1542 ipsius
1584 1469 1639 1524 loci
1647 1469 1745 1525 abbati
1758 1469 1884 1524 ubicun-

218 1569 255 1624 de
270 1568 402 1622 Susanna
413 1582 478 1620 cum
493 1581 543 1619 suo
557 1565 692 1628 termino,
702 1581 766 1618 cum
779 1580 878 1619 eremo
893 1567 922 1619 et
936 1566 1022 1631 culto,
1074 1575 1130 1631 que
1143 1559 1187 1612 661
1202 1575 1219 1612 6
1233 1557 1478 1630 qualibuscunque
1503 1555 1625 1613 voluerit
1650 1556 1793 1630 episcopis
1814 1572 1885 1612 suos

218 1656 289 1712 sicut
302 1655 333 1709 in
346 1654 485 1725 scriptura
506 1652 604 1708 Sancti
622 1651 760 1724 Stephani
785 1656 912 1710 resonat.
926 1654 958 1707 ln
971 1653 1023 1707 Pe·
1073 1646 1193 1702 clericos
1205 1646 1368 1714 ordinandi,
1382 1661 1400 1702 a
1415 1645 1607 1719 qualicunque
1620 1645 1728 1700 sedeci
1741 1644 1885 1718 placuerit

217 1743 303 1798 trulla
326 1745 355 1798 et
369 1741 445 1796 inira
463 1741 524 1812 ejus
539 1739 688 1807 terminos,
711 1740 741 1794 in
763 1743 841 1796 terra
864 1739 941 1796 inira
963 1740 1025 1811 ejus
1073 1735 1591 1809 66616666661616611,6161666116
1610 1734 1755 1808 episeopo,
1775 1751 1828 1790 nec
1843 1734 1885 1790 ab

217 1829 369 1897 terminos,
386 1829 416 1882 in
432 1827 598 1884 llocuinano
622 1829 665 1882 val
691 1827 767 1882 16166
793 1828 854 1898 ejus
871 1827 1023 1894 terminos,
1039 1823 1175 1882 Β611616
1191 1827 1270 1897 cujus
1285 1826 1372 1880 situm
1384 1829 1427 1880 661
1439 1825 1650 1882 monesterium
1663 1823 1821 1898 661666616,
1828 1839 1883 1879 666

219 1917 333 1974 sicutin
356 1916 497 1987 scriptura
520 1931 607 1986 quam
631 1916 749 1970 Rannus
774 1915 893 1970 clericus
916 1914 1025 1970 fecita
1074 1914 1883 1988 abaliopossitercommunicartvelatiquaadeumdem

219 2005 325 2062 Sancto
339 2005 485 2076 Stephano
504 2006 631 2072 resonat,
657 2002 770 2070 domos,
792 2006 894 2071 terras,
916 2003 1023 2071 616666,
1074 2003 1442 2077 monasteriumpertinens
1452 2005 1580 2060 66616616.
1588 2004 1746 2060 Statuimus
1754 2003 1844 2058 etiam
1852 2005 1884 2057 nt

218 2095 328 2162 hortos,
343 2092 453 2149 cultum
469 2096 498 2148 et
513 2107 655 2146 eremum.
670 2092 701 2146 ln
719 2089 798 2146 16166
811 2091 855 2146 vel
870 2091 946 2147 16166
965 2092 1025 2161 ejus
1074 2094 1461 2166 quispoenitensaliminibus
1468 2095 1597 2150 exclusus
1605 2093 1742 2156 66616616,
1753 2092 1885 2165 quandiu

219 2183 376 2248 terminos3
394 2182 424 2236 in
438 2182 576 2236 Τ666666
592 2180 634 2234 661
649 2179 724 2234 16166
754 2179 815 2251 ejus
828 2180 979 2248 terminos,
995 2180 1024 2234 in
1074 2181 1502 2248 ibisteterit,habeatliccntiam
1514 2181 1680 2237 introeundi
1690 2181 1886 2237 6166666611-

220 2271 345 2326 Ciurana
359 2270 402 2324 vel
417 2269 493 2324 infra
503 2268 564 2339 ejus
576 2267 732 2334 terminos;
759 2267 788 2322 in
803 2266 869 2323 villa
892 2268 964 2336 llud,
982 2268 1025 2322 vel
1075 2269 1150 2325 cium
1164 2270 1292 2326 divinum
1304 2271 1449 2326 audiendi.
1463 2271 1652 2327 Concedimus
1661 2285 1778 2342 quoque
1785 2270 1884 2326 abbati

219 2359 295 2416 16166
310 2359 372 2430 ejus
386 2358 541 2423 terminos3
559 2358 590 2409 ln
612 2356 774 2426 Ventajnne
799 2357 842 2409 vel
864 2354 939 2410 16166
964 2356 1025 2427 ejus
1074 2361 1120 2414 vel
1134 2359 1283 2415 monachis
1298 2363 1327 2416 et
1343 2360 1477 2416 omnibus
1499 2359 1608 2414 clericis
1621 2358 1658 2416 ad
1671 2357 1886 2414 6666661661666

219 2442 1024 2514 16661666,1661116116666·666,6611616661666166661666;
1075 2445 1887 2520 pertinentibus,ticentiam,nisivoluerintspcntaneesel

219 2534 427 2590 inhrmentera
438 2532 479 2586 vel
492 2531 568 2585 inira
577 2531 637 2601 ejus
649 2529 797 2597 terminos,
809 2530 1025 2598 domos,terras,
1075 2537 1179 2609 rogati,
1196 2536 1234 2592 ad
1246 2537 1389 2609 synodum
1399 2535 1565 2592 nonaundi.
1576 2534 1887 2606 Confirmamusigilnr

218 2621 317 2678 vineas
329 2635 394 2676 cum
410 2617 538 2692 garricis,
547 2618 647 2692 pratis,
660 2619 782 2690 pascuis,
798 2618 925 2688 molinis,
940 2620 1025 2675 moli·
1076 2628 1107 2680 et
1118 2625 1279 2681 stabilimus
1288 2624 1394 2680 amodo
1405 2628 1437 2680 ut
1447 2625 1540 2679 nullus
1547 2640 1609 2691 rex,
1625 2623 1721 2678 nullus
1737 2623 1886 2696 princeps,

218 2710 306 2766 uariis
329 2725 396 2765 cum
422 2707 600 2780 caputaquis,
628 2709 736 2762 6611666
761 2710 790 2763 61
820 2724 963 2766 eremum.
993 2709 1025 2763 16
1077 2714 1171 2770 nullus
1187 2711 1328 2776 marchio,
1343 2713 1438 2768 nullus
1452 2729 1559 2781 comes,
1575 2710 1888 2784 nullusjudex,nullos

219 2798 390 2856 Castellione
405 2797 518 2866 domos,
541 2801 642 2864 terras,
670 2797 760 2852 cultas
785 2797 829 2852 vel
847 2797 977 2853 incultas.
994 2798 1026 2852 ln
1076 2801 1227 2874 episcopus
1240 2815 1335 2872 nequa
1354 2801 1411 2856 ulla
1424 2817 1531 2872 magna
1539 2815 1684 2872 parvaque
1691 2815 1821 2871 persona
1834 2799 1888 2854 ali·

218 2885 1027 2965 Fontanedo,quemdicuntVallemala,ecclesiamSancti
1076 2906 1164 2963 quam
1179 2890 1234 2946 vim
1247 2892 1290 2945 vel
1300 2890 1478 2946 invasionem
1487 2889 1518 2945 in
1529 2888 1632 2945 eodem
1641 2887 1786 2955 coenobio,
1797 2887 1888 2944 autin

217 2975 331 3034 Martini
345 2993 411 3032 cum
425 2976 488 3048 ipsa
506 2976 605 3043 rocha,
628 2991 695 3030 cum
706 2975 825 3030 decimis
837 2979 866 3030 et
878 2974 1025 3047 primitiis,
1076 2979 1134 3034 suis
1148 2977 1331 3052 pertiuentiis
1343 2978 1438 3034 lacere
1453 2980 1620 3050 praesumat.
1644 2977 1700 3032 Pro
1715 2991 1774 3048 quc
1792 2979 1823 3032 et
1833 2975 1888 3030 suh

217 3083 283 3122 cum
296 3065 491 3122 oblationibus
502 3064 642 3132 fidelium,
656 3080 723 3119 cam
737 3065 840 3120 domos
854 3065 984 3119 atterens
998 3065 1027 3118 at
1036 3113 1060 3174 c
1077 3067 1163 3124 divini
1176 3066 1276 3139 judicii
1303 3066 1492 3122 obtestatione
1514 3069 1544 3121 et
1556 3064 1751 3120 anathematis
1763 3063 1888 3118 interdi-

218 3154 327 3223 vineas,
343 3155 452 3210 cultum
467 3157 496 3208 et
510 3168 654 3220 eremum,
671 3156 700 3206 61
711 3169 778 3208 cum
798 3152 874 3224 ipsos
888 3152 1025 3208 boschos:
1076 3155 1172 3211 ctione
1184 3155 1402 3228 promulgantes
1416 3152 1598 3209 decernimus
1607 3155 1639 3207 ut
1651 3153 1747 3208 661166
1756 3167 1889 3225 unquam

220 3248 250 3301 et
263 3244 401 3300 affrontat
423 3243 483 3315 ipse
507 3242 607 3297 alodus
631 3241 666 3296 de
687 3245 768 3313 parta
789 3241 909 3296 orientis
919 3242 949 3296 in
965 3241 1026 3312 1666
1077 3245 1243 3302 nostrorum
1270 3259 1465 3298 successuum
1480 3241 1662 3316 pontificum,
1678 3258 1774 3315 neque
1790 3242 1890 3315 aliqua

221 3334 305 3402 Cher,
320 3333 378 3388 sive
392 3330 516 3388 inalode
531 3330 580 3403 qui
594 3331 648 3385 suit
661 3329 697 3385 de
712 3329 843 3386 Suniario
868 3329 984 3400 comite,
999 3334 1027 3386 et
1076 3348 1193 3406 magna,
1216 3331 1288 3387 sicut
1311 3331 1444 3399 diximus,
1462 3346 1606 3404 parvaque
1629 3347 1754 3404 persona
1780 3330 1890 3387 audeat

219 3421 351 3495 66666611
365 3437 418 3494 666
440 3420 591 3476 cacumina
613 3420 769 3487 montium,
791 3435 842 3474 seu
860 3419 890 3474 in
902 3421 975 3474 collo
991 3419 1027 3474 dc
1075 3423 1290 3494 velpraesumat
1305 3420 1888 3492 666166116666616666666616116666661-

221 3511 309 3578 Goda,
325 3507 494 3581 6166666611
507 3509 536 3562 in
550 3509 634 3563 alode
654 3507 689 3563 de
712 3507 773 3578 1666
789 3507 847 3571 166,
861 3510 890 3563 61
900 3507 1028 3580 66666611
1076 3509 1212 3582 vilegium
1222 3509 1252 3564 in
1260 3509 1494 3582 aliquibusagere
1504 3509 1622 3580 injuste,
1630 3525 1724 3580 neque
1731 3507 1798 3580 quis
1806 3508 1888 3563 illum

220 3598 259 3654 ad
273 3596 367 3653 alodia
382 3597 417 3652 de
431 3597 550 3652 Bettono
569 3597 745 3664 1161661666,
760 3600 789 3652 61
807 3597 842 3652 (16
856 3597 977 3652 meridie
996 3596 1026 3651 in
1076 3599 1211 3672 frangere
1225 3601 1326 3654 tentet.
1342 3597 1371 3653 Si
1387 3597 1451 3670 quis
1465 3595 1889 3671 auremquodnoncredimus,

220 3686 283 3760 1666
298 3702 379 3741 66666
391 3685 428 3741 ad
442 3685 554 3741 1661666
565 3686 600 3741 de
613 3685 679 3754 lter,
691 3686 750 3742 sive
763 3686 794 3740 in
805 3700 905 3741 eremo
921 3686 957 3742 de
968 3687 1028 3740 bet
1078 3703 1131 3744 nec
1145 3688 1252 3743 timens
1262 3688 1401 3753 Deum,et
1411 3688 1541 3742 nostrum
1551 3684 1765 3758 parvipendens
1771 3685 1889 3756 privile-

220 3776 299 3844 1616,
314 3775 358 3830 661
368 3774 398 3829 16
413 3774 496 3830 alode
512 3774 562 3846 qui
577 3773 630 3829 luit
651 3774 685 3828 de
709 3775 762 3846 Ajo
792 3773 912 3843 femina,
928 3791 978 3829 seu
997 3774 1027 3828 in
1078 3777 1158 3850 gium
1173 3776 1252 3848 quod
1265 3775 1460 3842 concedimus,
1475 3773 1563 3830 verbo
1582 3774 1693 3829 1661666
1705 3773 1889 3846 disrumpere

221 3864 391 3938 ipsarocha,
404 3864 439 3919 ab
455 3863 584 3932 occiduo,
600 3863 630 3918 16
644 3863 687 3918 616
702 3880 790 3935 quem
801 3863 901 3919 dicunt
909 3863 1027 3935 budiga,
1077 3864 1241 3930 tentaverit,
1254 3865 1341 3933 hunc,
1357 3863 1484 3938 quisquis
1506 3863 1553 3918 ille
1574 3863 1670 3929 inerit,
1690 3863 1823 3936 deporta
1837 3861 1888 3918 1161

221 3955 265 4010 vel
280 3953 310 4008 in
323 3953 420 4008 villare
436 3952 472 4008 (16
492 3952 652 4022 1161666166;
673 3955 701 4008 61
725 3952 761 4009 (16
776 3953 850 4008 Circi
862 3953 892 4008 in
908 3953 969 4026 ipso
984 3952 1029 4006 rio
1079 3951 1298 4027 omnipotentis,
1321 3952 1412 4008 666611
1434 3953 1555 4024 apostoli
1568 3953 1630 4025 ejus
1643 3953 1721 4009 Petri
1737 3956 1887 4017 sinestra,

223 4042 272 4117 qui
285 4043 418 4099 discurrit
428 4042 464 4100 de
476 4042 551 4114 ipsas
565 4034 669 4110 sorites,
684 4044 713 4096 61
726 4041 861 4098 inlaterat
869 4058 922 4114 per
935 4042 1029 4113 ipsum
1080 4040 1888 4116 quiejusfungimurvice,perpeluis‚nisiresipuerit,ana·

223 4133 339 4200 saltum,
355 4136 384 4187 et
392 4131 524 4203 pervertit
535 4147 588 4204 666
597 4130 777 4200 11616661166,
791 4131 849 4186 sive
859 4132 889 4186 in
899 4131 984 4186 alode
995 4131 1030 4187 de
1080 4129 1721 4203 thematisvinculisobligamus3sitqueportio
1731 4128 1890 4202 ejusinier·

222 4223 334 4278 166666
345 4221 522 4294 presbytero,
540 4223 569 4276 61
595 4219 726 4293 pervenit
746 4237 836 4292 usque
857 4220 976 4276 1666116
994 4221 1030 4276 (16
1080 4217 1538 4288 nus,haereditasilliusdiabolus,
1549 4219 1891 4292 parsetcnnsolatioejas

223 4311 332 4368 colaria
345 4311 404 4366 sive
419 4311 449 4365 in
464 4309 525 4382 1666
539 4326 615 4366 arce.
635 4311 670 4364 Et
683 4309 739 4365 alio
752 4309 848 4378 61616,
861 4310 909 4383 qui
923 4310 977 4365 fuit
995 4311 1030 4368 de
1079 4307 1129 4364 ubi
1144 4323 1294 4382 nunquam
1306 4307 1415 4375 latitia,
1426 4307 1476 4363 sed
1485 4322 1601 4380 semper
1609 4310 1653 4363 661
1660 4307 1760 4364 fletus:
1775 4309 1891 4363 veniat-

225 4399 403 4458 Seximundo
415 4399 582 4472 presbytero
593 4397 650 4453 sive
661 4399 731 4453 alias
742 4398 839 4453 vineas
852 4399 956 4470 quaein
969 4398 1067 4464 aliisl)
1081 4413 1147 4470 que,
1156 4395 1220 4466 nisi,
1229 4395 1891 4470 utdiximus,resipuerit,superillumquidqnid

224 4487 379 4544 locissunt.
396 4487 431 4542 Et
444 4487 473 4541 in
489 4486 585 4542 Sancti
599 4485 733 4559 Sylvestri
744 4502 844 4542 manso
859 4503 923 4542 cunr
940 4489 1032 4544 terras
1081 4484 1707 4558 maledictionisexcogitariveldicipotestsi
1717 4485 1891 4558 quisantem

225 4579 255 4632 et
265 4575 372 4645 vineas,
388 4580 495 4632 etcum
512 4575 588 4647 ipsos
602 4589 725 4643 eremos,
737 4577 767 4630 61
776 4591 841 4630 curu
857 4575 983 4630 decimas
995 4575 1031 4631 de
1080 4575 1165 4648 hujus
1179 4575 1269 4630 sancti
1279 4573 1402 4630 caenobii
1415 4573 1529 4645 adjutor
1544 4573 1669 4630 existens
1681 4574 1774 4642 illum,
1788 4575 1820 4631 in
1832 4591 1890 4648 quc

225 4663 287 4736 1666
301 4681 413 4720 manso.
429 4664 463 4719 Et
477 4665 506 4720 16
517 4663 691 4721 [1666161166
705 4679 806 4718 manso
819 4679 887 4718 cum
902 4667 993 4720 terras
1003 4668 1032 4719 61
1081 4663 1217 4737 66166611,
1226 4663 1346 4736 elegerit
1356 4662 1543 4731 clamaverit,
1553 4662 1599 4717 hic
1613 4662 1664 4718 1161
1679 4663 1891 4736 omnipotentis

225 4750 453 4820 videas,etcum
475 4753 550 4826 ipsos
573 4768 687 4808 6666666
711 4751 760 4824 qui
784 4750 893 4806 ibidem
907 4755 983 4807 sunt.
998 4755 1030 4808 ln
1081 4752 1243 4807 interventu
1251 4749 1539 4822 apostolicarepletus
1547 4749 1751 4806 benedictione
1760 4766 1891 4808 crescere

226 4839 366 4894 comitatu
376 4840 568 4897 cerdaniense
578 4855 680 4896 manso
692 4855 751 4894 uno
768 4855 833 4894 cum
845 4842 943 4894 terras.
957 4840 1030 4896 11116
1081 4857 1111 4896 66
1126 4841 1251 4912 gaudeat
1263 4838 1608 4908 invirtutemdevirtule;
1623 4838 1819 4912 sitqueportic
1832 4839 1893 4912 ejus

225 4928 405 4984 Purermano
427 4945 507 4984 maso
531 4945 590 4984 uno
612 4943 679 4984 cum
692 4931 793 4982 terras.
805 4927 839 4981 Et
861 4927 892 4982 in
908 4927 1030 4984 Amiano
1080 4926 1892 5001 paradisus,haereditasilliusllominusChristus,parset

225 5016 339 5085 domos,
353 5019 446 5072 terras
455 5017 589 5072 61616666
600 5033 666 5072 cum
679 5016 810 5072 terminis
821 5018 850 5070 et
864 5015 1031 5087 adjacentiis
1081 5017 1239 5076 consolatio
1254 5017 1315 5089 ejus
1343 5016 1394 5071 ubi
1417 5031 1533 5088 semper
1557 5016 1697 5089 gaudium
1709 5020 1740 5073 at
1754 5016 1841 5073 dolor
1851 5021 1893 5072 est

223 5105 291 5162 suis.
308 5105 341 5160 Et
354 5105 383 5160 in
397 5105 476 5160 Bulla
487 5105 601 5173 domos,
617 5109 709 5160 terras
722 5109 750 5159 ct
763 5103 870 5174 616666,
884 5109 912 5160 61
926 5104 1030 5179 inipso
1081 5103 1513 5163 6611661616611616666611666
1537 5105 1661 5162 universi
1676 5105 1795 5178 generis
1809 5107 1892 5178 pote·

224 5194 482 5267 mansocumipsas
492 5197 582 5250 terras
591 5194 702 5273 etipsas
712 5194 819 5262 vineas,
829 5193 905 5266 quod
914 5193 1033 5249 1666161-
1081 5195 1200 5252 statibus
1215 5197 1247 5250 ut
1271 5194 1341 5250 nulli
1363 5194 1448 5250 liceat
1474 5211 1510 5250 ex
1529 5195 1592 5267 jam
1615 5194 1693 5250 (11616
1713 5195 1891 5250 monasterio

222 5299 272 5340 cus
287 5300 353 5340 cum
372 5300 460 5340 uxore
475 5301 526 5340 sua
541 5283 621 5339 dedit
641 5283 677 5339 ad
688 5284 826 5339 Sanctum
838 5282 1029 5355 Stephanum,
1081 5285 1210 5360 accipere
1224 5283 1397 5357 pascuarios,
1423 5284 1468 5341 661
1498 5283 1611 5356 exigere
1625 5283 1767 5355 traginas,
1784 5287 1837 5339 aut
1851 5282 1893 5338 di-

221 5389 289 5429 cum
303 5373 437 5428 terminis
451 5378 480 5429 et
499 5373 668 5446 adjiaceutiis
683 5372 750 5427 sois.
764 5375 794 5427 16
812 5371 928 5428 Olmera
941 5375 1031 5428 166666
1081 5375 1223 5447 stringere
1233 5375 1352 5446 placitos
1364 5375 1448 5432 ullius
1466 5373 1594 5430 hominis
1617 5372 1655 5429 ad
1679 5374 1890 5430 monasterinm

220 5461 365 5516 cultasvet
380 5462 502 5517 incultas
523 5465 557 5518 Et
570 5463 600 5517 in
617 5465 760 5533 lampage
782 5475 885 5532 campo
901 5477 970 5516 uno.
997 5463 1031 5516 Et
1080 5463 1263 5537 pertinentis,
1278 5465 1473 5536 cujuscunque
1500 5463 1537 5518 sit
1550 5464 1651 5536 calpa,
1677 5462 1701 5518 si
1722 5479 1756 5519 su
1778 5461 1890 5520 radictis

220 5550 250 5606 in
263 5551 363 5622 bages,
377 5553 406 5604 et
419 5550 450 5605 16
464 5553 588 5608 Merresa
600 5556 690 5608 terras
709 5553 739 5605 61
758 5548 865 5618 vineas,
878 5551 986 5606 cultum
1002 5553 1032 5606 61
1081 5552 1330 5611 maledictionibus
1345 5569 1405 5610 non
1417 5553 1476 5608 vult
1490 5551 1649 5624 subjacere,
1659 5567 1733 5624 quas
1742 5479 1887 5609 diesem·

219 5636 1030 5715 eremum,cumterminisetadjacentiissuiatlaecigitnr
1080 5642 1213 5720 nipotcns
1241 5645 1271 5698 et
1292 5642 1329 5699 ab
1343 5641 1524 5718 adiutoribus
1536 5641 1622 5718 116166
1635 5640 1728 5702 nostri
1749 5637 1889 5718 privilegii
