3882 6170
87 393 127 460 ta

782 387 974 452 briareum.

1658 385 1711 452 att

87 513 856 592 deobtulerlntnullaquallhetoccasioneeosrejiciant»
867 522 896 583 A
909 512 1076 574 Ambrosius
1088 512 1117 572 in
1131 512 1205 573 libro
1217 515 1252 573 de
1265 513 1404 573 Trinitate
1424 509 1469 572 his
1491 511 1586 573 uerbis
1607 511 1638 572 iu
1658 529 1712 572 rm-

85 614 109 667 ln
117 609 219 666 concilio
230 607 514 680 Carthaginensium
523 624 589 664 cum
597 607 857 664 omnibusomnino

86 699 173 756 clencis
183 700 320 753 extraneae
335 697 450 752 lemicae
466 713 523 752 non
538 697 715 764 cohabitent,
728 697 777 752 sed
790 698 857 752 solae

83 791 179 852 nahas,
194 785 269 852 auiae,
286 788 463 852 matertera,
478 785 585 853 amitae,
607 801 731 852 sorores,
748 788 776 840 et
790 784 857 840 ulia

84 879 182 931 lrahum
197 875 391 930 relsororum.
415 895 430 924 »
454 875 526 930 ltem
541 873 571 930 in
589 873 694 928 eodem
709 873 830 929 concilio
848 889 855 928 ε

82 963 224 1022 alltclerici
238 965 281 1018 vel
295 963 478 1018 continentes
500 963 537 1018 ad
550 961 649 1018 viduas
659 963 703 1019 uel
722 961 855 1033 uirgines,

83 1055 124 1110 nisi
132 1054 272 1123 exjussuet
282 1051 425 1124 permissu
433 1051 711 1122 episcoporum,non
719 1050 857 1106 accedant

82 1143 214 1198 ethocnon
227 1139 459 1206 solilaciant,sed
471 1156 537 1194 cum
546 1140 665 1208 clericis,
677 1143 727 1195 out
739 1157 804 1195 cum
813 1139 857 1196 his

80 1248 130 1286 cunr
141 1229 234 1302 quihus
244 1228 525 1301 episcopusjusserit.
537 1229 593 1284 Nec
603 1228 656 1300 ipsi
672 1227 797 1300 episcopi
808 1232 858 1285 aut

81 1316 214 1392 presbyteri
224 1316 280 1373 soli
295 1317 421 1372 habeant
431 1333 575 1373 accessum
589 1318 626 1373 ad
639 1316 804 1388 hujusmodi
813 1316 856 1371 le-

78 1406 212 1474 ninas,sed
221 1408 273 1461 aut
283 1405 332 1461 ubi
344 1405 438 1484 clerici
446 1409 684 1478 praesentassent,
697 1410 746 1461 aut
756 1422 856 1476 graves

79 1495 147 1568 aliqui
158 1492 318 1549 Christiani.
336 1513 352 1546 a
365 1495 396 1548 ln
405 1493 686 1567 Ancyranoconcilio
695 1511 702 1549 :
711 1513 726 1546 a
736 1493 855 1548 Diaconi

79 1601 128 1638 cunr
140 1583 318 1650 ordinantur,
334 1582 402 1637 siin
422 1582 483 1653 ipsa
506 1581 689 1646 ordinatione
704 1582 856 1653 protestati

79 1675 129 1726 sunl
145 1671 271 1726 dicentes
285 1672 356 1726 uelle
370 1687 400 1725 se
414 1671 522 1726 habere
538 1687 649 1738 uxores,
667 1687 760 1742 neque
773 1687 855 1743 posse

77 1761 200 1815 continere
215 1759 267 1814 :hi
280 1763 380 1830 postea
394 1759 417 1814 si
430 1758 467 1814 ad
476 1758 590 1830 nuptias
603 1759 744 1826 venerint,
754 1776 854 1814 mane·

909 623 1042 662 mensum
1057 605 1160 662 effert:
1178 628 1192 658 a
1206 608 1246 661 lle
1259 606 1386 662 conciliis
1404 607 1448 662 vel
1471 605 1652 678 potissimum
1666 621 1711 662 se·

909 713 980 768 quar
995 696 1073 767 quod
1087 695 1207 749 trecenti
1219 695 1326 750 decem
1341 697 1370 750 et
1383 699 1446 750 octo
1460 694 1633 762 sacerdotes,
1645 697 1710 750 tan·

907 801 995 856 quam
1010 784 1132 838 Abrahae
1148 783 1213 839 lecti
1233 783 1353 855 judicio,
1366 799 1493 838 consona
1517 783 1583 838 fidei
1606 782 1710 840 uirtute

907 869 1123 938 victores,uclut
1132 871 1296 941 trophaeum
1307 873 1367 925 toto
1382 870 1451 925 orbe
1460 869 1584 925 subactis
1594 869 1710 942 perlldis

906 961 1071 1016 extulerunt
1081 977 1087 1015 ε
1099 963 1130 1014 ut
1140 959 1210 1014 mihi
1221 958 1414 1015 videaturhoc
1423 975 1483 1014 esse
1494 957 1622 1014 diuinum
1632 958 1711 1030 quod

906 1048 1010 1103 eodem
1026 1037 1148 1104 nurnero
1163 1047 1192 1102 in
1208 1047 1337 1103 conciliis
1348 1047 1416 1103 fidei
1436 1047 1594 1103 habeamus
1608 1063 1709 1102 oracu-

905 1137 976 1204 lum,
993 1137 1071 1208 quod
1087 1135 1116 1191 in
1129 1136 1249 1192 historia
1263 1137 1376 1207 pictatis
1389 1138 1564 1207 exemplum.
1577 1157 1591 1186 a
1608 1138 1639 1191 ln
1655 1138 1709 1192 De·

906 1225 1069 1292 eratalibus3
1083 1241 1146 1297 quaa
1155 1224 1272 1280 leminae
1285 1223 1622 1280 habitentcumclericis:
1636 1225 1709 1280 «Fe-

906 1313 1000 1368 minas
1013 1329 1079 1368 vero
1091 1329 1150 1368 nun
1159 1312 1229 1368 alias
1237 1329 1297 1368 esse
1308 1311 1436 1385 patimur
1444 1312 1473 1368 in
1483 1312 1616 1368 domibus
1627 1311 1710 1368 cleri·

906 1401 1258 1469 corum,nisieastantum
1274 1418 1344 1473 quas
1357 1405 1477 1475 prepter
1494 1402 1567 1456 solas
1588 1401 1710 1456 necessi·

905 1491 1040 1546 tudinum
1055 1507 1154 1545 causas
1168 1490 1298 1545 habitare
1314 1507 1380 1544 cum
1395 1489 1507 1545 hisdem
1521 1489 1646 1562 synodus
1662 1488 1709 1544 Ni·

905 1595 985 1636 caeae
1006 1578 1146 1651 permisit.
1169 1600 1183 1630 n
1204 1581 1235 1634 ln
1257 1579 1377 1634 concilio
1401 1577 1567 1633 Laodicensi
1586 1595 1592 1632 :
1610 1576 1711 1632 «Viris

906 1685 971 1723 cum
988 1665 1156 1722 mulieribus
1171 1666 1283 1722 lavacra
1295 1683 1354 1722 non
1366 1666 1549 1721 celebranda.
1558 1665 1639 1731 Quod
1650 1682 1711 1721 non

906 1759 1038 1828 oporteat
1054 1755 1140 1812 saeris
1153 1755 1254 1811 officiis
1269 1755 1381 1810 deditos
1391 1753 1566 1810 autclericos
1581 1756 1631 1810 aut
1642 1770 1711 1809 con·

76 1848 147 1902 autin
161 1849 235 1902 clero
254 1850 379 1914 tantum,
401 1851 430 1902 et
449 1863 466 1901 a
489 1845 648 1902 ministerio
671 1846 853 1918 abjiciantur.
867 1844 892 1903 B
906 1846 1041 1914 tinentes,
1057 1847 1098 1899 vel
1116 1861 1234 1900 omnem
1255 1843 1358 1898 laicum
1384 1843 1578 1898 Christianum
1598 1845 1712 1898 lavacra

76 1937 219 2008 Quicunque
235 1953 308 1991 sane
323 1938 474 1990 tacuerunt
494 1939 522 1990 et
545 1940 731 2007 susceperunt
753 1952 856 1991 manus
905 1949 971 1988 cum
986 1931 1155 1988 mulieribus
1171 1932 1328 1998 celebrare,
1340 1930 1407 2003 quia
1421 1931 1483 1986 haec
1497 1930 1574 2003 apud
1589 1930 1712 2001 gentiles

75 2026 268 2097 inpositionem
282 2024 401 2096 professi
418 2023 640 2091 continentiam,
656 2027 685 2080 et
700 2027 800 2096 postea
819 2025 856 2080 ad
904 2021 1000 2094 prima
1008 2020 1195 2093 reprehensio
1206 2023 1258 2074 est.
1270 2041 1283 2068 u
1293 2021 1354 2074 Nou
1374 2019 1461 2074 licere
1477 2018 1711 2074 clericisludicris

73 2115 164 2186 nuptias
177 2117 388 2180 convenerunt,
405 2130 422 2168 a
436 2113 597 2168 ministerio
613 2116 642 2168 et
654 2116 730 2169 clero
744 2129 854 2169 cessare

73 2202 203 2270 debebunt,
217 2201 327 2258 laicam
336 2199 697 2257 tantumcommunionem
711 2201 853 2274 recipien-

72 2293 108 2346 tes.
122 2313 133 2340 u
146 2293 173 2346 ln
184 2289 385 2346 Decretalibus
396 2305 478 2362 pepae
490 2289 592 2344 Leonis
607 2306 613 2345 :
627 2312 641 2340 «
651 2289 854 2353 Quodsuhdia-

72 2379 132 2433 cunis
140 2379 253 2434 canale
260 2378 439 2434 connubium
450 2378 855 2450 denegetur.Namcumextra

72 2467 218 2522 clericorum
233 2466 371 2523 ordinem
381 2465 716 2538 constitutisnuptiarum
725 2465 854 2522 societati

72 2559 93 2608 et
102 2554 290 2625 procreationi
317 2554 442 2610 saliorum
459 2553 573 2608 studere
590 2554 626 2608 sit
641 2554 763 2608 liberum
781 2553 855 2608 arhi-

72 2642 192 2708 trium,ad
200 2642 399 2698 exhibendam
410 2645 509 2697 mmen
520 2640 656 2712 perlectae
668 2641 854 2696 continentia

70 2731 215 2800 puritatem,
227 2747 285 2785 nec
296 2728 602 2801 subdiaconisquidem
612 2729 856 2785 connubiumcar-

71 2820 305 2886 ualeconceditur,
319 2821 351 2873 ut
365 2820 451 2891 etqui
461 2819 637 2874 habentsint
646 2822 783 2891 tanquam
797 2835 855 2874 non

70 2907 231 2974 habeates‚et
241 2906 296 2980 qui
305 2923 363 2962 non
377 2906 487 2962 hahent
499 2907 857 2979 permaneantsingulares

71 2995 136 3058 Quod
147 2998 168 3052 si
196 2997 226 3052 in
252 2998 312 3052 hoc
336 2996 449 3064 ordine,
466 2996 514 3068 qui
531 2999 650 3067 quartus
664 2993 710 3051 esi
722 3013 738 3051 a
752 2996 856 3067 capite,

905 2114 934 2166 et
943 2109 1272 2182 spectaculisinteresse:
1283 2131 1296 2159 a
1309 2109 1428 2180 Oportet
1442 2105 1590 2161 ministros
1600 2105 1708 2173 altaris,

905 2199 948 2253 vel
959 2197 1400 2271 quoslihetclericosspectaculis
1408 2193 1710 2266 aliquibusquaeautin

904 2287 1011 2359 nuptiis
1025 2289 1075 2342 aut
1090 2287 1119 2342 iu
1129 2285 1217 2342 coeuis
1227 2285 1398 2340 exhibentur
1410 2282 1710 2350 interesse,sedaute·

905 2391 992 2447 quam
1008 2373 1136 2430 cemelici
1151 2377 1206 2440 (28)
1221 2373 1432 2446 ingrediantur,
1452 2387 1570 2443 surgere
1590 2369 1708 2425 eosdem

904 2463 1033 2519 conuiuio
1043 2466 1072 2518 et
1083 2462 1162 2544 abire
1170 2462 1302 2517 debere.»
1312 2462 1342 2515 ln
1354 2459 1463 2531 synodo
1477 2459 1709 2528 Neocaesariensi,

905 2552 1023 2626 capitul.
1041 2555 1051 2606 l
1070 2570 1077 2606 :
1094 2573 1108 2602 a
1120 2552 1272 2623 Presbyter
1286 2549 1335 2622 qui
1350 2565 1468 2604 uxorem
1482 2548 1604 2614 duxerit,
1620 2547 1657 2602 ab
1667 2563 1712 2602 or-

906 2641 972 2696 dine
987 2657 1038 2696 suo
1054 2640 1135 2696 illum
1149 2639 1255 2711 deponi
1278 2639 1394 2698 dehere.
1412 2638 1494 2703 Quod
1513 2637 1536 2692 si
1557 2637 1714 2692 fornicatus

905 2728 1044 2784 fueritvel
1061 2728 1235 2784 adulterium
1257 2725 1445 2788 commiserit,
1463 2727 1544 2780 extra
1562 2723 1713 2779 ecclesiam

906 2817 1066 2888 abjiciatur,
1100 2819 1129 2871 et
1153 2815 1353 2888 paenitentiam
1379 2812 1456 2869 inter
1475 2813 1562 2869 laicos
1581 2812 1715 2868 redactus

907 2908 1002 2978 agat.»
1012 2907 1043 2960 ln
1054 2904 1293 2976 eadcmSynodo,
1307 2903 1423 2974 capitul.
1437 2905 1489 2958 liz
1506 2923 1520 2951 a
1534 2900 1603 2967 Quae
1618 2901 1714 2956 lorma

907 2993 1069 3050 servaturin
1081 2991 1201 3059 clericis,
1221 2991 1346 3046 maxime
1363 3007 1429 3044 cum
1445 2992 1526 3044 vetus
1545 2988 1645 3060 regula
1658 2987 1713 3042 hoe

70 3083 172 3154 dignum
186 3087 230 3140 est
244 3083 509 3156 custodiri,quanto
521 3083 612 3156 magis
621 3083 649 3138 in
660 3084 754 3156 primo
768 3085 893 3182 velse-C
907 3082 1013 3137 habeat
1022 3081 1180 3154 utquisque
1188 3083 1330 3136 correctus
1343 3079 1502 3152 baptisatus
1520 3076 1638 3132 clericus
1652 3091 1713 3130 esse

70 3173 146 3227 cundo
160 3174 283 3229 tertioue
300 3173 471 3229 serrandum
488 3177 532 3228 est
546 3189 583 3227 ne
598 3175 648 3228 aut
672 3172 794 3238 levitico,
811 3174 860 3226 aut
909 3168 1245 3242 voluisset,sponderetse
1257 3164 1712 3223 uxorcmomniuononducera.e

69 3263 240 3332 presbyterali
273 3261 398 3328 honore,
427 3265 476 3316 aut
501 3260 655 3333 episcopali
692 3259 861 3316 excellentia
909 3261 940 3312 ln
960 3258 1069 3330 synodo
1086 3257 1316 3329 Carthaginensi,
1333 3257 1368 3312 dc
1393 3251 1714 3310 continentia'hurelius

70 3349 202 3420 quisquam
218 3349 369 3405 indoneus
389 3349 559 3416 estimetur,
570 3347 618 3420 qui
639 3365 669 3404 se
684 3365 701 3403 a
714 3349 860 3419 voluptate
911 3345 1159 3420 episcopusdixit:
1172 3368 1185 3395 «
1202 3345 1272 3400 Cum
1288 3343 1434 3414 praeterito
1451 3340 1616 3397 couciliode
1627 3339 1716 3394 conti·

70 3437 147 3491 uxoris
158 3455 210 3492 nec
227 3438 303 3494 dum
325 3437 453 3492 frenasse
477 3436 630 3508 detegitur.
649 3459 662 3486 n
678 3435 862 3493 Innocentius
910 3433 1017 3489 nentia
1028 3435 1057 3488 et
1066 3432 1204 3488 castitatis
1212 3433 1413 3488 moderamine
1421 3427 1717 3500 tractaretur,gradus

70 3539 151 3594 papa:
167 3526 285 3591 «Quod
300 3525 329 3581 bi
354 3527 403 3598 qui
419 3526 448 3580 in
464 3525 643 3597 presbyterio
663 3525 737 3580 filios
752 3543 861 3598 genue-

71 3611 125 3678 rint,
135 3615 281 3670 removeri
305 3617 420 3686 oportet
435 3614 470 3669 ab
485 3613 592 3669 olllcio.
606 3612 659 3678 Oui
673 3614 732 3668 zelo
750 3612 817 3668 lldei
830 3629 862 3668 ac

71 3699 210 3772 decipitne
226 3704 334 3758 doctus
354 3719 412 3758 non
434 3702 543 3774 patitur
555 3701 709 3757 Ecclesiam
723 3702 812 3772 pollui
827 3702 862 3757 ab

71 3787 177 3862 indiguis
201 3791 382 3864 preshyteris
394 3807 466 3863 quos
479 3791 508 3845 in
517 3789 695 3863 presbyterio
707 3789 780 3845 lilios
792 3806 864 3845 asse·

71 3875 100 3931 rit
110 3895 289 3948 procreasse,
305 3879 383 3952 quod
403 3896 463 3934 non
488 3879 574 3933 licere
600 3894 789 3950 exponerem,
809 3877 864 3932 nisi

71 3979 167 4023 nonem
194 3971 329 4022 vestram
346 3967 531 4038 prudentiam
558 3966 631 4037 legis
654 3965 741 4021 totius
757 3965 865 4020 habere

71 4055 199 4111 notitiam.
211 4058 247 4111 Et
265 4055 456 4123 ideo,lratres
465 4053 635 4122 charissimi,
647 4054 733 4109 libelli
744 4054 792 4126 qui
802 4053 865 4108 sub-

68 4139 145 4208 jectos
158 4149 200 4200 est
214 4149 322 4200 tenore
345 4146 504 4215 perspecto,
532 4160 580 4198 eos
604 4143 653 4215 qui
679 4144 746 4198 talia
762 4159 864 4215 perpe-

72 4229 145 4285 trasse
160 4233 303 4288 dicuntur
312 4231 413 4303 jubete
433 4232 463 4287 in
480 4231 577 4287 medio
597 4231 741 4299 collocari,
759 4231 864 4286 discus-

73 4315 150 4388 sisque
158 4319 373 4392 objectionibus
382 4336 447 4392 quae
456 4319 524 4391 ipsis
532 4319 865 4391 presbyterisimpinguu

912 3523 958 3578 isti
971 3526 1039 3588 tres,
1056 3521 1104 3595 qui
1128 3521 1339 3593 conscriptione
1359 3521 1486 3592 quadarn
1506 3516 1643 3573 castitatis
1666 3529 1717 3586 per

912 3611 1142 3668 consecrationes
1152 3607 1641 3682 adnexisunt,episcopos,inquam,
1655 3619 1719 3676 pre·

913 3701 1042 3772 sbyteros
1052 3702 1081 3754 et
1092 3699 1236 3765 diaconos,
1250 3699 1291 3753 ita
1297 3699 1415 3771 placuit,
1428 3701 1458 3752 ut
1474 3713 1570 3752 sacros
1580 3695 1719 3750 condecet

913 3789 1064 3855 antistites,
1087 3803 1119 3842 ac
1142 3787 1191 3842 llei
1210 3786 1382 3852 sacerdotes,
1406 3801 1458 3840 nec
1476 3801 1536 3840 non
1560 3788 1588 3839 et
1607 3781 1717 3850 leuitas,

913 3879 957 3932 uel
973 3877 1022 3949 qui
1036 3875 1223 3930 sacramentis
1236 3874 1340 3930 divinis
1353 3873 1521 3938 inserviunt,
1538 3871 1719 3927 continentes

915 3983 975 4021 esse
986 3966 1016 4020 in
1027 3961 1528 4035 omnihus‚quopossintsimpliciter
1540 3959 1617 4032 quod
1630 3976 1647 4013 a
1660 3960 1718 4013 Deo

915 4054 1063 4126 postulant
1074 4052 1231 4124 impetrare
1242 4068 1249 4119 ;
1266 4056 1296 4105 ut
1304 4049 1381 4121 quod
1389 4046 1721 4121 apostolidocuerunt,et

916 4158 978 4215 ¹psa
992 4140 1113 4195 serravit
1129 4138 1296 4210 antiquitas,
1311 4152 1486 4208 nosquuque
1497 4133 1720 4189 custodiamus.»

950 4232 981 4284 ln
997 4229 1099 4284 eadem
1115 4227 1236 4299 synodo,
1253 4227 1289 4281 de
1305 4225 1423 4281 diuersis
1439 4223 1589 4278 ordinibus
1603 4221 1639 4276 ab
1655 4238 1722 4277 uxo·

916 4319 993 4373 ribus
1008 4316 1188 4371 abstinendis
1201 4315 1350 4370 Faustinus
1365 4313 1515 4385 episcopus
1531 4309 1661 4365 Ecclesiae
1669 4311 1722 4366 Po·

73 4405 284 4470 lur,siconvinci
296 4408 473 4478 potuerint‚a
481 4407 650 4462 sacerdolali
660 4409 866 4462 removeantur
880 4404 1034 4462 Dtentiuae
1051 4404 1204 4477 provinciae
1222 4402 1317 4458 Piceni
1340 4404 1450 4473 legatus
1470 4403 1576 4454 sanctae
1593 4399 1723 4454 Ecclesiae

74 4493 169 4563 offici03
182 4497 253 4570 quia
270 4495 322 4568 qui
334 4495 425 4550 sancti
451 4511 510 4551 non
529 4499 605 4562 sulit,
628 4498 728 4550 sancta
742 4497 866 4550 tractare

73 4597 120 4637 nun
134 4589 267 4654 possunt,
280 4588 367 4656 atque
377 4583 464 4638 alieni
479 4582 673 4638 elllciuntura
692 4581 865 4650 ministerio,

74 4672 138 4737 quod
155 4673 281 4728 uiuendo
304 4671 401 4726 illicite
422 4673 596 4742 polluerunt.
611 4671 750 4726 Miramur
765 4675 865 4726 autem

72 4755 123 4811 hec
139 4777 243 4815 eorum
255 4758 438 4815 dissimulare
456 4759 614 4830 episcopos,
626 4762 656 4814 ut
673 4759 867 4814 autcohihere

75 4848 228 4915 connivere,
243 4848 482 4904 autnescireesse
493 4847 772 4918 illicitajudicentur.
788 4868 801 4894 u

103 4936 128 4988 ln
144 4937 262 4992 Nicaeno
271 4935 397 4992 Concilio
404 4935 439 4990 de
453 4935 866 4991 subintroductismulieribus:

75 5023 240 5079 «interdixit
258 5040 310 5096 per
325 5023 427 5078 omnia
442 5040 549 5094 magna
572 5022 700 5095 synodus
719 5040 778 5077 non
807 5022 867 5093 epi-

74 5125 157 5180 scopo,
176 5129 238 5168 non
258 5113 440 5184 presbytero,
462 5128 520 5166 non
548 5111 682 5178 diacono,
705 5127 758 5165 nec
784 5109 868 5177 alicui

76 5200 181 5254 omnine
196 5201 248 5272 qui
264 5200 295 5254 in
311 5201 387 5254 clero
401 5203 443 5254 est
458 5200 544 5254 licere
561 5199 869 5254 subintroductamha·

77 5283 132 5340 here
142 5288 594 5354 mulieremmisilurtematrem,
607 5290 803 5352 autsororem,
821 5289 870 5341 aut

78 5376 195 5445 amitam,
210 5379 257 5434 uel
275 5394 322 5432 eas
338 5381 451 5433 tanturn
466 5395 602 5450 personas
615 5394 680 5448 quae
695 5376 871 5449 suspiciones

78 5463 216 5538 clepunt.
227 5486 244 5519 s
262 5466 319 5522 lloe
335 5470 431 5522 autem
446 5467 594 5522 Nicaeum
605 5467 756 5521 concilium
773 5467 871 5520 beatus

109 5655 162 5728 (28)
176 5655 344 5728 Thymeticr',
361 5656 390 5712 id
405 5661 448 5714 est
462 5658 594 5716 tibicines.

917 4495 986 4550 dixit
1005 4511 1044 4549 :u
1060 4494 1156 4547 Placet
1174 4495 1204 4546 ut
1217 4489 1353 4563 episcopi,
1378 4487 1539 4562 presbyteri
1555 4489 1584 4542 et
1598 4485 1723 4541 diaconi.

916 4585 960 4640 vel
971 4581 1018 4654 qui
1030 4583 1213 4651 sacramenta
1223 4582 1416 4644 contractant,
1434 4576 1579 4650 pudicitiae
1594 4575 1727 4630 custodes

917 4671 953 4726 ab
969 4668 1324 4725 uxorihusseahstineant.
1337 4685 1352 4718 s
1364 4667 1407 4720 Ab
1424 4664 1564 4720 universis
1584 4663 1726 4734 episcopis

918 4758 1025 4813 dictum
1037 4760 1080 4812 est
1092 4773 1100 4812 z
1112 4779 1125 4807 n
1137 4758 1231 4811 Placet
1253 4758 1284 4809 ut
1298 4755 1327 4809 in
1344 4754 1479 4810 omnihus
1499 4756 1529 4807 et
1541 4752 1577 4806 ah
1593 4751 1728 4806 omnihus

917 4845 1055 4917 pudicitia
1068 4845 1244 4899 custodiatur
1259 4843 1307 4915 qui
1337 4843 1420 4896 altari
1436 4840 1605 4895 inserviunt.
1624 4861 1637 4888 n
1654 4841 1728 4894 Prae·

919 4943 1071 4994 tereacum
1084 4932 1119 4987 de
1128 4931 1324 5004 quorumdam
1335 4927 1645 5000 clericorumquamvis
1658 4944 1728 4999 erga

918 5037 1019 5076 uxores
1035 5021 1166 5092 proprias
1186 5018 1399 5074 incontinentia
1414 5017 1605 5084 referretur,«
1621 5016 1728 5088 placuit

918 5103 1729 5182 episcoposetpresbyterosetdiaconossecundumpriora

918 5201 1025 5254 statuta
1035 5194 1481 5251 etiamabuxoribuscontinere:
1497 5191 1573 5264 quod
1587 5191 1640 5245 nisi
1652 5191 1728 5245 lece-

919 5288 989 5354 riut,
1001 5286 1036 5340 ah
1055 5283 1246 5339 ecclesiastico
1263 5285 1470 5337 removeantur
1486 5279 1595 5346 ostiolo,
1612 5282 1729 5333 caeteros

921 5378 1019 5430 auteur
1027 5373 1145 5428 clericos
1154 5372 1191 5427 ad
1202 5373 1255 5426 hoc
1267 5388 1324 5427 nuri
1334 5369 1461 5442 eogi,sed
1472 5367 1631 5422 secuudum
1647 5364 1729 5421 unius

921 5453 1728 5534 cujusquellcclesiuecousuetudinemobservaridebere.»
