3862 6170
48 319 51 326 ’
142 337 188 396 ιιι
786 333 896 396 oasra
926 323 1140 397 mandarun
1728 338 1782 402 sot

140 477 202 536 gere
215 459 294 526 velle,
310 461 341 514 et
354 471 409 531 ego
425 457 647 519 unanimitatem
662 465 742 520 tuam
753 467 831 536 peto,
843 465 885 532 ut,
900 463 929 520 in
942 469 968 528 Α
982 465 1011 520 et
1026 463 1150 537 quodsis
1159 461 1263 519 habitis
1276 463 1305 518 et
1315 461 1458 532 strenuus,
1469 479 1485 518 e
1498 457 1586 520 domo
1609 462 1673 521 veni
1681 465 1714 521 ut
1728 465 1781 522 ha·

139 551 268 622 quantum
281 548 549 619 potueris,Fraucos
567 551 639 606 milri
653 551 930 624 pacificescnmque
980 551 1071 608 bitem
1097 555 1202 606 tecum.
1221 551 1294 606 Nam
1308 551 1331 606 si
1358 549 1387 605 in
1404 550 1540 606 extremis
1564 553 1650 608 terrae
1675 551 1781 608 finibus

139 637 244 692 sedatos
258 651 307 692 eos
321 636 483 708 agnoveris,
508 639 648 696 mandato
663 643 696 695 tu
710 643 742 695 ut
755 639 885 708 redeam,
901 642 930 695 et
979 639 1126 696 utiliorem
1142 642 1170 695 te
1183 637 1393 712 cognovissem,
1406 641 1435 694 ct
1448 638 1722 696 buncnihilominus
1736 655 1782 696 er·

137 723 210 780 aurei
224 724 276 778 ista
287 723 406 795 partitio
421 725 476 780 erit
490 726 607 799 signum
621 727 698 784 inter
712 743 759 784 me
773 731 801 784 et
814 728 928 783 tecnm
978 727 1149 799 petissem.»
1158 726 1340 799 complacuit
1349 726 1413 798 regi
1421 726 1550 782 mulieris
1556 743 1651 783 sermo
1661 727 1780 798 facetus,

136 814 225 867 autem
239 811 434 883 riderequam
450 813 502 880 tibi
517 815 795 888 relinquo‚revertar
808 815 927 888 inpace.
978 817 1079 871 eteem
1090 815 1220 888 gaudena
1237 813 1290 871 sibi
1315 814 1431 870 sociavit
1446 814 1475 870 in
1490 830 1620 871 uxerem.
1638 815 1780 881 Quaecon·

136 898 181 956 Sin
193 903 301 968 autem,
314 901 440 956 manebo
455 902 532 976 apud
547 902 672 960 Sisinum
689 904 735 968 [ol.
748 903 874 960 Bisinum
886 920 929 960 co-
981 904 1058 976 oepit
1073 907 1102 960 et
1114 902 1511 976 peperitlllium,vocavitque
1520 919 1585 958 cum
1593 903 1779 962 clodoveum.

134 989 200 1048 conl]
210 987 423 1060 Thoringorum
436 1005 549 1061 regem.
563 1012 578 1040 u
982 993 1031 1048 llio
1045 991 1098 1047 luit
1111 989 1382 1064 impotentissimus
1391 1005 1476 1063 super
1489 1007 1589 1046 omnes
1604 991 1779 1048 Francorum

166 1075 211 1130 ilic
226 1073 310 1130 dictis
322 1076 397 1131 elam
406 1076 483 1149 fugit
496 1078 573 1149 apud
586 1077 761 1152 Thoringos,
775 1078 929 1135 habitavit·
978 1096 1073 1152 reges,
1089 1079 1132 1134 vir
1153 1077 1288 1151 egregius
1302 1094 1335 1133 ac
1361 1077 1585 1147 strenuissimus,
1599 1082 1781 1152 expugnator

134 1178 184 1234 que
197 1177 263 1217 oum
279 1162 373 1218 Sisino
388 1166 417 1219 et
427 1164 529 1221 Busirin
545 1183 633 1222 uxore
645 1183 705 1222 sua.
727 1167 789 1233 Ouo
800 1167 928 1239 expulso,
979 1165 1340 1239 bellicosissimus,imperii
1350 1163 1487 1222 dilatator
1496 1169 1526 1222 et
1539 1165 1626 1222 totius
1638 1165 1781 1240 aequitatis

132 1249 273 1322 AEgidium
288 1251 452 1308 Romanum
467 1254 591 1310 militem
615 1255 717 1311 Franci
731 1271 817 1327 super
831 1271 861 1310 se
871 1257 928 1310 sta·
979 1252 1282 1310 amator.childericus
1297 1252 1395 1325 itaque
1405 1269 1455 1308 rex
1469 1253 1779 1325 hactempestate,coi·

132 1338 415 1396 tuuotconsilio'non
430 1341 508 1397 bono
523 1342 711 1415 atqueinutili
721 1343 929 1415 .tlegnavitqne
979 1342 1053 1399 lecto
1066 1341 1242 1397 Francorum
1264 1340 1401 1409 exercitu,
1427 1340 1618 1413 Agrippinam
1633 1339 1779 1397 civitatem

131 1441 211 1498 super
230 1443 282 1482 eos
296 1427 380 1483 anuis
395 1431 421 1496 8,
443 1432 473 1484 et
492 1430 609 1502 junctus
623 1434 666 1487 est
678 1431 704 1486 ei
731 1431 885 1486 viomadus
899 1429 928 1486 in
979 1447 1066 1503 super
1079 1430 1213 1486 Rhenum
1238 1429 1357 1486 flurium
1372 1432 1415 1486 est
1430 1428 1679 1501 agressus'Ouam
1699 1428 1780 1484 omni

129 1513 221 1570 flctmn
233 1515 392 1570 amicitiam
404 1516 442 1571 oh
457 1517 742 1574 amoremchilderici
754 1517 928 1574 dominisui.
979 1518 1124 1575 bellorum
1141 1522 1282 1591 apparatu
1297 1516 1490 1587 circumdans,
1504 1517 1625 1573 tandem
1641 1516 1781 1589 populum

131 1602 161 1656 ct
174 1603 348 1658 hortabatur
360 1611 461 1676 regem
476 1605 633 1663 viomadus
641 1610 671 1662 ut
679 1607 804 1664 Francos
818 1606 929 1680 aliquus
979 1607 1116 1664 eumdem
1136 1606 1227 1662 nimia
1239 1606 1469 1662 oaedevastatum
1483 1604 1586 1660 devicit
1600 1607 1629 1660 ct
1643 1603 1780 1659 munitio·

129 1691 200 1746 male
215 1691 412 1764 opprimeret-3
428 1693 529 1748 Franci
545 1711 612 1750 vero
625 1695 731 1768 AEgidii
744 1695 821 1768 regis
831 1695 929 1751 lurore
981 1712 1033 1752 nes
1046 1694 1328 1766 universasejusdcm
1343 1693 1465 1752 civitatis
1475 1693 1529 1748 sibi
1546 1692 1684 1760 retinens,
1701 1691 1782 1748 Colo-

116 1778 225 1847 rattriti,
238 1779 394 1835 consilium
410 1780 542 1837 viomadi
557 1785 707 1854 expetunt,
716 1787 745 1839 et
758 1783 828 1856 quid
843 1781 965 1855 agereB
980 1783 1059 1838 niam
1075 1799 1140 1839 eam
1153 1782 1248 1838 vocari
1264 1781 1397 1838 instituit.
1412 1781 1491 1837 lianc
1501 1780 1620 1853 regebat
1634 1781 1781 1836 Romanus

128 1866 419 1941 debcantiuquirunt.
432 1867 539 1933 Quibus
549 1869 644 1927 illeait
656 1870 928 1928 :ennareminisci-
978 1871 1118 1943 AEgidius,
1134 1871 1215 1942 cujus
1229 1868 1358 1941 superius
1373 1868 1493 1925 lecimus
1516 1867 1709 1924 mentionem.
1724 1867 1780 1923 Sed

127 1953 169 2022 tis,
185 1955 314 2028 qualiter
333 1958 455 2013 Romani
472 1961 607 2030 parentes
621 1963 728 2016 vestros
743 1959 928 2016 attriverunt?
977 1962 1061 2015 tanto
1077 1958 1213 2015 exercitui
1224 1956 1356 2014 resistere
1367 1973 1427 2013 non
1442 1957 1549 2024 valens,
1565 1956 1637 2012 mbo
1650 1971 1780 2029 progres-

127 2043 273 2115 quomodo
290 2059 369 2098 cosa
384 2043 543 2101 Sicambria
566 2045 756 2118 expulerunt?
770 2048 804 2102 Et
818 2063 866 2102 ros
880 2063 925 2103 re·
977 2047 1106 2119 suslugae
1114 2045 1267 2114 consuluit,
1287 2043 1590 2116 etsicfuroremregis
1610 2041 1779 2098 evasitlnde

126 2145 187 2202 gem
200 2135 332 2187 vestrum
347 2132 600 2204 expulistisutilem
616 2149 648 2190 ao
663 2135 926 2204 strennum,etele-
976 2135 1198 2208 progredientes
1225 2133 1337 2202 Franci,
1369 2131 1498 2189 Treveris
1519 2131 1664 2188 civitatem
1694 2145 1780 2203 super

126 2219 192 2274 vatis
202 2235 294 2292 super
308 2236 358 2275 vos
369 2219 494 2276 militem
509 2222 586 2278 bunc
599 2224 764 2279 Romanum
779 2222 925 2279 crudelem
975 2224 1120 2280 Mosellam
1132 2221 1252 2279 fluvium
1261 2224 1405 2277 vastantes
1416 2223 1564 2293 ceperunt.

125 2309 206 2378 atque
215 2307 394 2380 superbum?
404 2307 472 2364 Sine
484 2309 602 2366 consilio
610 2310 665 2366 hoc
677 2310 792 2373 lecistis,
808 2312 837 2366 et
849 2327 925 2366 nunc
1012 2313 1051 2368 Eo
1066 2315 1199 2384 tempore
1221 2313 1353 2366 mortuus
1367 2313 1410 2366 cst
1424 2308 1554 2381 AEgidius
1579 2308 1777 2364 Romanorum

123 2395 424 2451 meritoinebriamini
436 2397 551 2469 poculo,
565 2398 642 2470 quod
654 2397 862 2471 propinastis.»
875 2399 925 2454 Cui
974 2404 1125 2474 tyrannus,
1142 2405 1171 2456 et
1182 2401 1243 2472 ejus
1254 2399 1329 2455 illius
1341 2398 1460 2455 nomine
1471 2395 1599 2471 siagrius
1606 2396 1683 2468 apud
1696 2394 1779 2451 Sues·

123 2481 198 2536 aiunt
211 2481 257 2537 illi
276 2481 382 2538 :asine
395 2484 458 2556 lege
471 2483 538 2539 licet
556 2487 625 2540 tunc
638 2485 711 2542 lllias
727 2489 839 2542 nostras
854 2488 925 2544 abu·
974 2487 1088 2544 sionem
1098 2486 1244 2544 civitatem
1259 2486 1289 2542 in
1308 2489 1431 2558 paterno
1442 2485 1513 2540 solio
1528 2483 1711 2540 sublimetur.
1727 2480 1779 2536 lte·

123 2573 322 2640 teretur,nunc
332 2571 452 2642 poenitet
464 2572 727 2637 noshocleoisse,et
738 2574 923 2630 utinameum
972 2576 1094 2632 collecto
1101 2576 1208 2631 iterum
1222 2573 1397 2630 childericus
1403 2573 1635 2629 reri'rancorum
1642 2569 1776 2636 exercitu,

121 2656 249 2713 inuenire
255 2656 473 2727 meruissemus,
486 2662 517 2714 ut
529 2675 594 2715 cum
609 2675 680 2733 pace
695 2665 924 2735 regnaretsnper
971 2663 1133 2719 Aurelianis
1148 2679 1238 2736 usque
1248 2661 1391 2737 pervenit,
1407 2664 1500 2717 terras
1513 2677 1616 2717 omnes
1630 2675 1694 2731 quae
1709 2661 1776 2714 sunt

121 2760 178 2800 nos.
203 2767 218 2796 n
246 2745 301 2801 His
318 2746 472 2803 viomadus
486 2747 601 2816 auditis,
627 2751 734 2806 celeres
755 2749 922 2807 nuntiusad
972 2751 1002 2807 in
1012 2751 1132 2824 circuitu
1146 2750 1237 2808 nimia
1248 2750 1364 2806 feritate
1372 2750 1560 2824 depopulans.
1572 2749 1640 2804 inde
1655 2763 1776 2820 progre-

120 2831 313 2890 childerioum
329 2834 436 2908 dirigit,
452 2838 484 2890 ut
496 2853 639 2909 cumpace
654 2838 765 2907 redeat,
781 2839 863 2894 aurei
878 2837 921 2894 di·
975 2841 1052 2896 ditur
1064 2840 1235 2912 Andagavis,
1252 2854 1421 2895 occursurus
1435 2837 1598 2910 Adovagrio
1611 2835 1675 2892 duci
1687 2836 1775 2892 Saxo·

9 2919 10 2936 ¹
119 2919 165 2975 risi
177 2925 261 2978 certa
280 2922 459 2994 praemittens
474 2924 589 2980 indicia.
605 2925 739 2982 Sentiens
748 2927 923 2984 childericus
972 2945 1053 2997 num,
1070 2928 1119 3001 qui
1133 2928 1268 2984 eamdem
1278 2927 1467 3000 Andagavam
1481 2926 1676 2981 debellaverat
1690 2928 1775 2996 atque

118 3010 191 3080 quod
212 3010 431 3067 desideraretur
445 3029 462 3068 a
477 3013 600 3083 Francis,
617 3016 708 3084 latus,
726 3033 855 3072 reversus
880 3019 923 3073 est
971 3015 1138 3087 protiverat,
1154 3013 1344 3070 relictoPaulo
1352 3012 1459 3069 comite
1466 3012 1503 3068 ad
1512 3011 1730 3067 custodiendam
1739 3009 1776 3066 ci·

118 3097 144 3152 in
155 3115 285 3171 regnum
300 3117 394 3157 suum.
417 3101 509 3166 Quem
523 3103 623 3160 Franci
636 3120 702 3160 oum
727 3105 833 3176 gaudio
848 3105 920 3161 reci·
935 3103 1100 3188 Cvitatem.
1117 3103 1245 3175 Cumque
1255 3119 1306 3158 rex
1325 3101 1500 3158 childericus
1511 3117 1544 3156 er
1565 3099 1721 3172 improviso
1735 3097 1774 3154 ci·

116 3187 454 3258 pientes,cumdedecore
468 3192 801 3264 expuleruntAEgidium.
818 3194 921 3250 Basina
970 3195 1091 3248 vatatam
1103 3192 1287 3263 irrumperet,
1298 3195 1326 3247 et
1338 3189 1533 3262 adovagrium
1545 3189 1648 3244 ducem
1655 3188 1774 3244 obtrun-

119 3275 325 3349 quoquesisini
344 3278 421 3350 regis
434 3295 515 3348 uror,
529 3279 605 3351 apud
619 3297 707 3352 quarn
719 3281 833 3338 latuisse
846 3298 919 3354 prae-
970 3297 1035 3336 care
1051 3280 1230 3350 decerneret,
1242 3280 1471 3336 navesubvectus
1480 3274 1775 3349 Adoragriusautugit

116 3365 339 3422 monstravimus
350 3366 552 3437 childericum,
564 3367 667 3440 sepius
675 3369 772 3426 relicto
785 3369 837 3426 viri
844 3373 919 3439 toro,
969 3369 1102 3442 regisque
1113 3385 1252 3424 mucrone
1266 3369 1369 3426 Paulus
1385 3368 1573 3424 obtruncatus
1586 3368 1629 3422 est
1643 3366 1674 3421 et
1692 3364 1772 3438 prin·

115 3452 295 3510 consortium
305 3455 397 3510 nostri
413 3456 539 3528 regisest
552 3457 881 3531 experta.0uamohrem
891 3462 920 3514 et
969 3457 1068 3531 cipalis
1081 3459 1184 3514 domus
1197 3458 1328 3529 ejusdem
1344 3455 1464 3512 civitatis
1486 3457 1529 3510 est
1543 3454 1611 3526 igne
1633 3456 1772 3509 cremata.

114 3555 176 3596 eum
193 3559 249 3598 neo
267 3543 360 3599 multo
383 3546 449 3616 post
464 3543 494 3600 in
518 3545 669 3601 Franciam
693 3549 737 3602 est
751 3550 858 3615 secuta,
874 3562 920 3603 cu·
969 3543 1025 3600 tiae
1051 3543 1140 3616 igitur
1154 3547 1266 3617 patrata
1292 3543 1422 3612 victoria,
1442 3557 1509 3598 cum
1533 3541 1570 3598 ad
1595 3542 1688 3598 solum
1703 3557 1772 3614 pro·

113 3628 190 3698 piens
201 3631 270 3688 loeo
284 3631 380 3688 uxoris
403 3631 534 3688 habitare
549 3649 616 3690 cum
631 3650 676 3691 eo.
694 3635 786 3701 Quam
807 3634 919 3692 childe·
968 3632 1076 3706 prium,
1090 3633 1145 3690 hoc
1161 3636 1204 3688 est
1220 3632 1258 3687 ad
1286 3632 1498 3688 Ambianorum
1514 3629 1619 3686 urbem
1640 3645 1772 3686 remeare

112 3715 182 3774 ricus
196 3735 269 3774 curn
286 3719 431 3792 insperate
444 3721 647 3794 conspexisset,
663 3726 693 3778 et
715 3723 751 3778 ad
766 3741 838 3797 quos
852 3739 918 3779 usus
968 3725 1096 3794 cuperet,
1113 3722 1193 3778 lehre
1207 3723 1355 3793 correptus
1367 3721 1500 3794 spiritum
1517 3719 1669 3786 exhalarit,
1685 3722 1771 3775 etre-

113 3803 918 3884 detamlonginquaprovinciaudeumproperasset,in·
968 3811 1097 3883 gendum
1118 3810 1259 3883 poputum
1285 3809 1428 3865 clodoveo
1456 3809 1582 3864 filiosuo
1606 3807 1769 3880 dereliquit.

113 3895 256 3965 quireret:
286 3896 335 3952 illa
347 3898 505 3971 postposito
522 3898 632 3970 pudore
648 3898 794 3968 muliebri,
810 3901 918 3955 uteret
967 3899 1093 3956 blortuus
1107 3903 1150 3955 est
1163 3901 1260 3954 autem
1270 3895 1447 3953 childericus
1461 3913 1510 3952 rer
1525 3913 1586 3951 xrrv
1598 3894 1713 3968 imperii
1726 3895 1770 3950 sui

112 3983 192 4039 nimis
214 3983 376 4053 luxuriosa,
393 3986 451 4042 tale
478 3985 570 4042 fertur
594 3987 704 4044 dedisse
719 4003 890 4062 responsum
906 4003 914 4044 ι
967 4003 1056 4058 anno,
1072 3991 1101 4044 et
1112 3985 1247 4061 regnavit
1261 3985 1418 4042 clodoveus
1430 3984 1576 4056 filiuseius
1587 3999 1640 4056 pro
1655 3999 1701 4038 eo.

113 4069 281 4136 «Quoniam
290 4073 520 4152 noviutititatem
531 4078 611 4132 tuam
620 4079 650 4132 et
657 4073 913 4150 pulchritudinem,

646 4259 865 4323 PROLOGUS
878 4253 993 4322 LIBRI
1018 4259 1210 4324 SECUNDI.

141 4413 277 4474 Relatum
292 4416 505 4492 est,utopinor,
521 4417 727 4493 compendiose
743 4419 914 4493 satis,quarr·
927 4425 952 4486 D
963 4419 1011 4477 rit.
1029 4423 1135 4478 Precor
1144 4419 1254 4476 etenim
1270 4434 1307 4476 ne
1322 4417 1403 4476 vobis
1417 4433 1573 4476 onerosum
1586 4417 1728 4487 videatur,
1743 4416 1766 4473 si

110 4505 166 4561 tum
181 4507 343 4580 proposita
353 4509 487 4564 brevitati
496 4509 694 4582 congruit,cur
707 4509 743 4566 ad
752 4511 804 4565 hae
817 4514 914 4582 partes
963 4510 1000 4567 ad
1014 4510 1206 4584 supplendam
1219 4508 1369 4566 historiam
1379 4508 1675 4581 rcladdepcllendum
1685 4508 1766 4564 lasti·

111 4591 287 4652 Francorum
302 4599 425 4671 populus
435 4597 470 4653 eit
486 4598 607 4667 delatus,
623 4615 675 4654 our
688 4602 718 4654 et
733 4598 783 4654 tali
794 4598 913 4655 nomine
963 4599 1044 4656 diurn
1071 4615 1184 4666 eorum,
1198 4598 1301 4671 quibus
1319 4599 1449 4671 displicet
1459 4597 1569 4672 prolixa
1592 4595 1722 4654 narratio
1737 4597 1767 4652 et

110 4683 257 4741 recitetur.
275 4685 333 4741 Sed
344 4685 484 4758 quoniam
495 4702 545 4743 vos
557 4687 686 4743 intentos
699 4685 825 4754 intueor,
843 4688 913 4743 dum
963 4705 1037 4744 nova
1051 4704 1166 4759 semper
1176 4687 1276 4743 audire
1289 4686 1448 4754 delectat,si
1462 4687 1557 4760 aliqua
1568 4704 1600 4743 ex
1614 4685 1759 4756 opusculis

111 4771 199 4828 adhuc
211 4773 282 4830 solis
294 4778 492 4846 exspectamus
519 4790 663 4844 occasum,
680 4776 788 4831 etdum
801 4779 913 4832 saturos
962 4775 1121 4832 vicinarum
1136 4775 1268 4848 gentium
1280 4776 1390 4840 elatele
1407 4774 1512 4835 latere}
1530 4775 1665 4847 tetigero.
1688 4774 1761 4830 Nam

110 4873 209 4933 greges
220 4861 259 4918 ad
274 4862 347 4918 ovile
356 4863 530 4932 reducimus,
539 4863 636 4938 paucis
644 4867 760 4920 tantum
773 4863 913 4920 sermoni·
961 4863 994 4932 is,
1006 4864 1055 4936 qui
1070 4863 1194 4937 propriis
1212 4881 1328 4937 semper
1343 4863 1451 4920 deliciis
1462 4863 1567 4935 affluit,
1581 4861 1670 4919 ctiam
1696 4877 1764 4918 cum

110 4945 158 5003 bns
168 4949 327 5020 intimabo,
345 4951 722 5025 qualiterumncmcelliam
732 4951 779 5008 hio
791 4954 912 5026 populus
961 4957 1093 5010 externas
1106 4951 1243 5026 tetigerit,
1259 4952 1426 5010 delectatur.

111 5034 143 5090 sit
156 5043 339 5112 pervagatus,
351 5045 380 5096 et
395 5041 519 5113 qualiter
532 5058 597 5097 eam
613 5041 776 5098 allemania
786 5042 911 5098 abstule-

656 5213 829 5301 LIBER
867 5213 1203 5314 SECUNDUS,

147 5409 306 5468 clodoveus
318 5411 406 5485 igitur
418 5427 497 5468 anuo
510 5411 611 5486 quinto
630 5411 745 5485 imperii
760 5412 801 5468 sui
814 5416 916 5469 contra
966 5413 995 5470 in
1011 5413 1455 5488 exercitumadunarepraecepit.
1466 5411 1593 5488 siagrius
1604 5410 1666 5488 pari
1681 5407 1769 5468 modo

115 5494 259 5573 Siagurim
276 5501 374 5574 AEgidii
397 5502 489 5557 lilium
504 5517 587 5558 arma
610 5501 760 5577 corripuit,
776 5506 862 5576 atque
876 5503 913 5560 ad
966 5503 1179 5575 exomniparte
1193 5501 1769 5560 collectisviribusaddefendendumsuo·

117 5589 323 5648 exturbandum
331 5607 398 5648 eum
407 5591 442 5648 de
454 5594 577 5666 patemo
596 5591 667 5648 solie
676 5591 801 5648 Francos
811 5607 913 5650 omnes
962 5607 1028 5653 rum
1037 5592 1309 5667 animosproeparat,
1317 5594 1517 5651 Rornanorum
1525 5585 1774 5660 tortialaolocomr'
