4022 6188
187 421 253 475 leat
790 411 966 472 aetsvotAE
980 411 1023 471 sl
1040 411 1238 473 otetotltvt
1773 363 1841 484 idid

557 537 623 595 xlv,
999 542 1120 602 Amam
1134 543 1306 612 potestatem
1320 538 1780 616 etregimcntotiussanctissimas
1790 547 1843 602 Ec-

185 627 278 698 Serpii
290 625 305 682 1
311 625 337 682 V
352 643 433 700 popa
443 626 616 700 privilegium
635 645 688 702 pro
705 626 863 684 nroocsterio
877 623 986 680 Beltilo·
1039 627 1143 692 clesiae,
1160 629 1208 701 qui
1235 628 1301 686 huic
1319 631 1532 706 archiepiscopo
1551 634 1676 689 vestram
1703 635 1843 692 sauctita-

538 720 620 775 cessi.
1037 715 1110 770 tem.
1126 756 1156 772 ..
1176 757 1182 771 .
1200 719 1363 787 lamentat,
1385 721 1414 774 et
1442 718 1608 795 interpellat
1634 722 1790 780 Ecclesiam
1814 737 1844 790 ee

490 807 583 879 (huno
600 807 690 880 tola.)
1039 805 1136 878 legem
1151 807 1182 862 et
1192 807 1334 879 justitiam
1350 809 1485 880 postulat,
1500 809 1713 884 venerabilique
1725 816 1846 869 monast

293 895 402 968 [Gellia
418 894 587 962 Olarr'stionc,
607 899 662 952 vet.
680 897 739 965 ed.,
755 899 776 964 l,
792 897 866 968 lta]
1041 893 1116 950 terio
1135 895 1218 951 Fulco
1230 895 1306 952 inira
1316 913 1397 952 suam
1407 897 1565 955 construxit
1571 900 1750 974 parochiam,
1762 905 1844 960 etro·

221 987 253 1040 ln
269 983 390 1040 nomina
405 985 522 1041 Domini
530 985 684 1044 salvatoris
698 986 789 1043 nostri
798 989 863 1042 lesu
873 985 987 1054 Christi,
1040 981 1084 1040 bis
1097 984 1209 1041 obtulit.
1220 984 1249 1040 Si
1257 986 1845 1064 vobisplacetipsearchiepiscopusconse·

185 1091 263 1131 anno
268 1113 394 1130 .....
416 1075 541 1149 propitio
564 1076 746 1149 pontificatus
772 1075 873 1134 domni
899 1073 989 1130 nostri
1040 1086 1121 1127 crare
1136 1071 1212 1142 velit,
1226 1089 1259 1128 ac
1274 1075 1607 1133 nullatenussecundum
1632 1081 1739 1136 statuta
1760 1097 1845 1138 cano-

186 1162 280 1238 Sergii
294 1163 401 1219 summi
415 1163 559 1235 pontificis
582 1164 721 1222 universis
740 1165 835 1237 quarti
849 1179 943 1236 papae,
958 1162 989 1218 in
1041 1176 1111 1216 num
1125 1165 1155 1217 et
1167 1161 1336 1220 iustinianae
1350 1164 1432 1238 legis,
1442 1167 1690 1224 consecrationem
1705 1170 1845 1228 addomi-

185 1251 380 1308 sacratissima
392 1253 460 1309 sede
472 1253 551 1310 beati
562 1253 638 1309 Petri
652 1252 888 1325 apostoli,tertio,
898 1249 989 1307 indic·
1042 1249 1124 1305 nium
1140 1249 1348 1324 archiepiscopi
1364 1254 1471 1310 auferri
1494 1255 1598 1328 potuit.
1614 1275 1630 1310 a
1653 1257 1731 1314 Tunc
1744 1260 1846 1316 Petrus

188 1341 268 1397 tione
281 1358 298 1396 r
313 1357 414 1397 mense
425 1341 529 1415 Aprilis
542 1341 589 1399 die
603 1359 659 1398 xiv.
1041 1339 1092 1394 llei
1105 1343 1178 1396 nutu
1190 1357 1264 1396 unus
1277 1357 1310 1396 ex
1325 1343 1431 1399 nostris
1441 1343 1540 1400 datum
1552 1344 1644 1416 judici
1670 1363 1722 1418 pro
1742 1364 1804 1418 nos,
1816 1351 1847 1405 et

221 1429 294 1495 Quia
307 1431 530 1487 manshumana
541 1448 657 1505 semper
670 1431 700 1487 in
714 1430 889 1504 cogitatione
898 1428 991 1502 posita
1041 1427 1078 1484 ad
1095 1431 1194 1484 nostra
1207 1429 1299 1485 vicem
1314 1431 1421 1488 habere
1437 1432 1604 1504 respondit:
1618 1435 1728 1492 «Certe
1742 1453 1845 1508 mona·

185 1536 246 1574 esse
262 1519 450 1591 dignoscitur,
461 1520 591 1576 et'animi
601 1519 821 1594 uniuscujusque
830 1536 882 1592 pro
898 1518 991 1574 diver·
1041 1517 1160 1573 sterium
1185 1517 1281 1590 ipsum
1310 1535 1374 1592 quae
1403 1519 1848 1598 Fulcoaediticavitsuapropria

184 1608 223 1663 sis
234 1607 327 1664 causis
336 1611 365 1662 et
374 1607 679 1678 sollicitudinibus,huc
688 1609 755 1665 illuc
765 1607 927 1681 divagando
938 1607 992 1664 dis-
1041 1605 1197 1662 hereditas
1211 1605 1276 1674 fuit,
1293 1608 1323 1663 et
1335 1607 1413 1664 beati
1440 1609 1562 1680 apostoli
1590 1610 1666 1666 Petri
1679 1613 1847 1683 Ecclesiam,

185 1697 285 1764 currit,
302 1712 356 1752 nec
369 1698 446 1752 valet
461 1698 561 1753 omnia
583 1701 697 1769 explere
721 1714 867 1766 sermone,
880 1713 934 1752 nec
947 1696 993 1753 iu·
1042 1697 1072 1750 et
1099 1695 1190 1751 nostri
1202 1695 1309 1752 seniori
1327 1697 1477 1769 potestatis
1490 1700 1519 1752 et
1541 1697 1674 1764 dominii,
1696 1704 1848 1759 monaste·

188 1789 253 1842 tara
265 1789 366 1841 tenere
379 1785 523 1842 memoria
538 1803 603 1859 quae
618 1787 742 1858 geritur;
763 1786 870 1842 idcirco
890 1789 991 1842 notum
1043 1784 1119 1840 rium
1128 1787 1158 1840 et
1167 1785 1414 1842 consecrationem
1426 1785 1641 1859 perpetualiter,
1649 1803 1759 1859 prosua
1767 1789 1849 1846 obtu-

187 1874 419 1947 prudentissimis
430 1874 501 1930 viris
512 1875 657 1948 ingenuis,
670 1875 834 1930 litterarum
845 1875 993 1946 repertum
1006 1855 1032 1916 Β
1043 1872 1076 1930 lit
1090 1872 1191 1928 anima
1205 1872 1330 1946 qualiter
1343 1873 1466 1946 perdere
1480 1890 1497 1929 a
1511 1890 1562 1929 suo
1588 1874 1719 1932 dominio
1732 1876 1847 1950 debeat,

185 1965 240 2031 est,
257 1967 288 2019 ut
300 1980 364 2036 quaa
378 1965 476 2019 mente
501 1962 684 2036 inquirimus,
709 1963 813 2020 litteris
831 1977 992 2018 exaremus.
1044 1962 1207 2018 ostendite?
1219 1962 1536 2018 etnohisinnotescite‘i
1547 1963 1641 2019 Unum
1651 1964 1709 2020 scio
1720 1966 1847 2034 tautum,

184 2053 219 2108 Et
234 2052 311 2120 ideo,
330 2069 385 2125 ego
402 2051 519 2125 Sergius
531 2052 628 2108 divina
646 2052 739 2125 gratia
751 2054 870 2126 quartus
888 2055 994 2108 sanctes
1046 2051 1114 2124 quia
1128 2051 1208 2124 cujus
1227 2052 1270 2106 est
1282 2051 1445 2120 haereditas,
1468 2051 1556 2124 ipsius
1581 2056 1610 2108 et
1630 2052 1848 2110 consecratio.»

187 2143 328 2198 Romanae
344 2141 475 2197 Ecclesiae
498 2141 638 2214 pontifex,
659 2157 756 2198 servus
768 2157 917 2198 servorum
932 2139 993 2216 Dei,
1046 2139 1222 2214 lgiturliugo
1229 2139 1739 2213 archiepiscoposcernenssenullum
1748 2159 1848 2200 verum

183 2229 326 2286 universae
338 2229 586 2304 acclesiepopnlo
597 2231 994 2303 notnmessevolumusprae-
1045 2231 1216 2284 autreotum
1233 2229 1350 2298 habere,
1372 2230 1401 2284 et
1426 2230 1551 2302 qualiter
1568 2246 1621 2286 nos
1639 2246 1707 2287 eum
1726 2227 1848 2305 perdere

183 2320 268 2392 cipue
278 2318 994 2391 successoresquenostri,etcohabitatoribussacris
1046 2317 1231 2385 deberemus,
1247 2317 1368 2373 minime
1380 2334 1463 2390 posse
1474 2319 1849 2393 ostendere‚moxprotiteri

186 2407 388 2464 Lateranensis
402 2407 516 2480 palatii,
530 2407 655 2480 qualiter
667 2408 703 2463 ad
718 2411 847 2465 nostram
861 2411 994 2482 apostoli·
1043 2409 1073 2462 et
1096 2405 1190 2462 dicere
1216 2406 1302 2478 coepit
1323 2423 1353 2462 se
1382 2421 1524 2480 peccasse,
1553 2424 1673 2478 errasse,
1699 2411 1730 2466 et
1749 2425 1849 2466 coram

185 2513 249 2552 cam
260 2496 358 2552 sedem
367 2496 556 2552 lamentando
566 2495 645 2552 venit
653 2497 812 2570 quemdam
824 2499 993 2572 llngovene-
1045 2494 1279 2569 omnipotentem
1291 2495 1449 2551 [lominum
1468 2497 1498 2552 et
1511 2499 1641 2552 nostram
1651 2500 1782 2554 sanctam
1791 2499 1851 2555 Ro·

186 2586 270 2642 rabili
280 2585 496 2659 archiepiscopo
508 2589 615 2642 sanctae
625 2587 950 2657 TuronensisEcclesiae,
963 2593 994 2647 et
1044 2600 1165 2640 menam
1178 2583 1345 2652 Ecclesiam,
1356 2583 1442 2640 nimis
1452 2583 1604 2657 deliquisse
1620 2586 1851 2660 eoquodinjnste
1937 2585 1941 2597 '
1989 2585 1995 2594 '

187 2676 224 2733 de
237 2676 449 2733 monasterium
461 2691 549 2749 quem
565 2677 649 2732 Fulco
665 2693 682 2732 a
696 2677 809 2732 noviter
823 2677 990 2747 construxit,
1042 2677 1071 2729 et
1079 2675 1189 2746 absque
1198 2673 1295 2746 aliqua
1302 2673 1415 2729 ratione
1425 2673 1509 2730 nobis
1518 2675 1767 2748 exindelitigasee.
1781 2677 1851 2734 lude
1905 2701 1914 2716 .

184 2768 276 2837 etprc
297 2763 401 2821 animoe
416 2781 475 2820 suaa
490 2763 652 2820 remedium
664 2765 741 2820 beati
756 2763 833 2820 Petri
855 2765 990 2838 apostoli·
1041 2779 1108 2819 vero
1134 2781 1168 2820 ex
1190 2781 1281 2820 manu
1299 2762 1430 2837 Gregorii
1450 2763 1577 2837 episcopi
1601 2765 1692 2836 Sylvae
1715 2765 1851 2822 Candidas

184 2869 217 2909 ac
233 2853 317 2911 nobis
336 2853 450 2922 obtulit,
476 2853 666 2927 proclamavit
688 2856 717 2908 et
735 2855 893 2925 quaerelam
907 2871 990 2911 suam
1041 2851 1153 2926 recepit
1166 2853 1288 2926 virgula,
1315 2854 1344 2907 et
1369 2867 1422 2923 per
1445 2852 1580 2908 eamdem
1605 2853 1748 2925 virgulam
1762 2869 1851 2927 quam

184 2942 260 2999 circa
274 2959 337 3011 nos,
354 2943 395 2998 ita
409 2942 562 3016 disponere
575 2941 662 3014 erepit
676 2941 791 2998 dicens:
805 2941 990 2999 eonomine
1044 2941 1277 3009 manutenebat,
1294 2956 1421 2997 consona
1443 2955 1524 3008 voce,
1546 2941 1651 2996 devota
1669 2943 1779 3009 mente,
1792 2958 1852 3000 cer-

184 3030 990 3105 papa,cnrconsecratiouemonasteriiquemFulcovobis
1042 3028 1180 3085 uentibus
1195 3028 1306 3085 cunctis
1320 3028 1368 3101 qui
1388 3027 1520 3096 aderant,
1530 3028 1625 3103 ipsum
1639 3029 1850 3087 monasterium

185 3119 299 3190 obtulit,
320 3119 398 3193 qnod
420 3119 497 3176 inira
518 3121 609 3176 nostri
629 3119 890 3191 archiepiscopatus
903 3136 990 3204 paro·¹
1003 3136 1028 3197 ρ
1042 3133 1110 3173 cum
1123 3117 1352 3186 consecratione,
1362 3119 1392 3173 et
1406 3117 1542 3174 omnibus
1556 3116 1610 3174 sibi
1625 3116 1849 3194 pertinentibus,

184 3209 279 3266 chiam
305 3208 459 3265 laudatum
480 3224 542 3263 esse
566 3207 745 3281 dignoscitur
768 3207 852 3264 nohis
880 3209 988 3264 auferr¹
1040 3206 1123 3263 sicuti
1144 3208 1228 3264 Falco
1253 3207 1282 3262 B.
1307 3207 1384 3263 Petri
1400 3206 1521 3279 apostoli
1538 3206 1671 3277 etnobis,
1687 3211 1851 3283 nostreque
1939 3239 1942 3246 ·

186 3297 291 3354 vultis?
303 3319 318 3348 n
334 3298 405 3354 Cum
420 3313 476 3370 ego
487 3297 523 3354 ab
536 3297 989 3370 eodemllugonearchiepiscopo
1044 3295 1212 3370 apostolicae
1237 3296 1312 3352 sedis
1334 3313 1386 3368 pro
1405 3313 1457 3353 sua
1471 3296 1575 3352 obtulit
1590 3295 1698 3366 anima,
1713 3297 1798 3354 uobis
1810 3298 1851 3354 ita

186 3385 256 3444 talia
283 3386 438 3455 audissem,
465 3385 563 3442 statim
589 3386 627 3442 ad
648 3389 778 3443 nostram
803 3385 990 3459 praeentiam
1047 3385 1194 3450 refutavit,
1208 3389 1294 3459 atque
1308 3385 1524 3460 inperpetuum
1544 3385 1684 3442 traditum
1699 3388 1850 3448 esseaiflr·

184 3491 328 3532 arcessere
348 3474 481 3544 fecimus,
519 3474 661 3548 episcopis
682 3474 792 3531 cardin.
816 3475 992 3547 preshyteris
1046 3474 1152 3544 mavit;
1167 3473 1213 3531 his
1228 3475 1268 3530 ita
1282 3474 1404 3548 expletis
1420 3474 1533 3548 publice
1545 3473 1704 3544 constituit,
1719 3477 1806 3549 atque
1819 3476 1851 3534 in

186 3563 366 3632 diaconibus,
383 3562 617 3632 subdiaconibus,
627 3565 657 3619 et
675 3580 736 3620 non
751 3563 850 3638 paneis
863 3562 900 3619 de
914 3564 991 3620 clero
1043 3566 1221 3636 perpetuum
1236 3563 1437 3637 permanendo
1462 3563 1588 3620 firmiter
1601 3563 1747 3620 stabilivit.
1768 3605 1775 3620 .
1797 3605 1803 3620 .
1820 3564 1851 3624 in

179 3651 325 3726 judicibus
341 3653 457 3726 qnoque
480 3653 637 3722 Romuleis,
652 3653 807 3726 multisque
822 3653 911 3709 etiam
925 3651 993 3709 viris
1042 3659 1176 3724 tempore
1190 3653 1297 3710 amodo
1319 3653 1350 3708 in
1370 3655 1457 3709 antee
1470 3653 1500 3709 in
1520 3652 1713 3726 qualicunque
1727 3669 1852 3726 persona

187 3741 342 3810 nobilibus,
357 3740 397 3797 ibi
412 3757 512 3798 coram
527 3741 735 3812 assistentibus,
749 3757 874 3815 quorum
895 3740 992 3797 nomi-
1043 3739 1852 3814 hominum,tarnsacerdotalis,quamlaicalis,qualihet

184 3847 223 3886 na
234 3831 292 3887 suis
306 3831 443 3888 manibus
454 3829 575 3886 inferius
589 3829 713 3903 ascripta
720 3832 868 3899 tenentur,
878 3833 992 3886 etnunc
1042 3830 1197 3902 scriptura,
1212 3830 1257 3884 vel
1276 3827 1436 3901 privilegia,
1453 3844 1488 3884 ex
1510 3827 1647 3900 praedicto
1660 3831 1850 3899 monasterio,

184 3918 313 3976 seriatim
334 3919 472 3975 intimare
499 3919 658 3986 studemus,
672 3917 819 3974 videlicet:
850 3918 990 3990 archiepi-
1043 3921 1073 3974 ct
1088 3934 1141 3974 sua
1151 3917 1339 3986 consecratio,
1353 3918 1398 3972 vel
1410 3917 1586 3990 pertinentia
1600 3918 1742 3986 ame,vel
1753 3919 1852 3974 ameis

187 4023 274 4080 scopo
290 4007 474 4079 lugdunensi
486 4006 629 4076 Ecclesia,
643 4009 748 4064 Petrus
757 4007 906 4080 episcopus
917 4009 991 4063 Prae·
1043 4007 1253 4063 successoribus
1267 4006 1344 4061 lacta
1358 4005 1534 4078 apparuerit,
1548 4004 1642 4062 sciant
1656 4021 1769 4076 omnes,
1783 4005 1851 4078 quia

184 4097 326 4164 aestima,
343 4095 512 4152 benedictus
526 4097 652 4168 episcop.
673 4096 849 4167 Portuensis,
864 4097 990 4153 ioannes
1042 4096 1149 4169 partim
1165 4098 1195 4152 et
1211 4099 1293 4152 metu
1308 4096 1506 4152 esaefacta.Et
1516 4095 1549 4163 si,
1561 4094 1735 4168 quodabsitt
1745 4095 1849 4167 ipsam,

183 4187 233 4261 qui
248 4186 278 4243 et
292 4185 411 4243 nomine
429 4188 547 4242 vocatur
559 4185 767 4243 Lavicaenensis
779 4185 911 4243 Ecclesia
927 4186 988 4260 epi·
1041 4189 1073 4241 at
1083 4185 1151 4255 dixi,
1166 4185 1340 4259 scripturam
1355 4203 1372 4242 a
1385 4183 1469 4242 nobis
1481 4185 1589 4241 factam
1598 4184 1775 4258 apparuerit,
1786 4184 1850 4240 irri-

180 4291 271 4348 scop,
288 4274 442 4347 Gregorius
457 4273 584 4348 episcop.
606 4275 698 4348 Sylva
722 4275 864 4345 candida,
888 4277 988 4332 Petrus
1044 4278 1103 4331 tam
1120 4278 1255 4332 essevolo
1271 4279 1356 4348 atque
1369 4275 1555 4330 damnatam:
1571 4275 1601 4330 et
1614 4278 1689 4330 hanc
1713 4273 1848 4330 notitiam

182 4365 310 4436 episcop.
329 4363 515 4438 vipernensis
543 4365 685 4420 Ecclesia.
712 4365 814 4421 Amico
840 4366 990 4438 presbyter
1041 4363 1225 4421 refutationis
1239 4363 1333 4421 brevis
1349 4364 1431 4420 omni
1444 4367 1578 4438 tempore
1590 4362 1706 4418 firmam
1722 4365 1751 4418 et
1763 4362 1848 4419 stabi.

180 4453 345 4522 cardinalis,
372 4453 536 4526 Stephanus
561 4455 712 4526 presbyter
739 4455 832 4522 card,
864 4423 1099 4512 ioanneleem
1116 4453 1239 4527 astipulo
1250 4469 1438 4526 permanere3
1453 4452 1556 4508 dehinc
1581 4454 1649 4508 ante
1676 4467 1768 4507 unum
1784 4468 1848 4508 nos·

181 4541 332 4614 presbyter
346 4541 511 4610 cardinalis,
526 4542 705 4599 crescentius
731 4544 883 4617 presbyter
896 4545 987 4614 card,
1039 4544 1122 4598 trum
1137 4542 1339 4615 coepiscopum
1366 4541 1499 4596 videlicet
1518 4543 1636 4596 Petrum
1662 4539 1848 4613 vipernensis

180 4631 306 4686 loannes
321 4629 540 4686 archidiaconus
553 4634 659 4687 sanctae
686 4633 825 4688 Romanae
845 4633 987 4701 Ecclesia,
1039 4631 1173 4686 Ecclesia
1184 4631 1242 4687 illic
1254 4629 1478 4693 transmisimus,
1487 4631 1517 4684 et
1528 4629 1693 4684 nostravice
1705 4628 1777 4686 illud
1787 4644 1847 4686 mo·

180 4718 989 4794 Abhodiaconas,loannesdiaconusquicognominator
1041 4718 1202 4777 naslerium
1217 4718 1844 4792 consecrerijussimus,contraquodconsti-
1929 4707 1939 4729 ⁸

180 4808 217 4864 de
229 4807 307 4863 Esne
323 4807 429 4879 opiter.
451 4809 551 4864 Petrus
569 4807 708 4865 diaconus
727 4825 745 4864 a
766 4809 865 4866 Chena
884 4811 987 4884 patria,
1038 4809 1162 4867 tutionis
1176 4811 1282 4865 nostrae
1297 4808 1434 4875 edictum,
1450 4823 1629 4880 quecunque
1641 4807 1739 4864 moliri
1752 4811 1844 4865 teme·

180 4896 360 4952 Crescentius
373 4896 819 4968 anpodiaconusoblacionario;
835 4899 989 4971 Gregorius
1039 4897 1116 4956 rarie
1136 4896 1362 4971 presumpserit,
1378 4895 1571 4952 anathematis
1587 4897 1790 4953 maledictione
1805 4899 1844 4951 tc·

181 4984 368 5042 defensorum
383 4985 573 5057 primicerius.
596 4987 697 5042 Petrus
720 5003 754 5042 er
781 4987 836 5042 alio
851 4989 937 5044 Petro
950 4989 986 5046 de
1039 4991 1152 5057 neatur,
1176 4987 1269 5043 donec
1284 4985 1464 5059 resipiscens,
1494 4988 1523 5042 et
1551 4985 1588 5042 ad
1609 4983 1843 5044 satisfaciendum

179 5073 301 5145 pulchro
317 5074 479 5131 dativorum
490 5073 645 5146 judicibus.
661 5075 824 5148 Stephanus
837 5075 887 5148 qui
901 5092 986 5132 voca·
1037 5077 1297 5151 praedictaenostrae
1313 5076 1457 5144 Ecclesia,
1470 5071 1843 5148 nostraequepraeceptionis

179 5165 226 5217 tur
242 5161 279 5216 de
303 5162 462 5232 bernardo,
485 5164 586 5220 Petrus
609 5162 644 5219 de
669 5164 835 5236 Breperato,
857 5165 983 5222 Berardo
1035 5167 1145 5222 redeat.
1168 5165 1222 5231 Qui
1235 5181 1303 5222 vero
1323 5165 1372 5238 pio
1391 5166 1509 5222 hortatu
1525 5165 1690 5220 observator
1704 5159 1735 5214 in
1750 5158 1843 5215 omni·

176 5251 253 5309 iilius
267 5253 431 5310 crescentio
441 5254 478 5311 ad
493 5258 612 5328 puteum
624 5255 726 5327 proba.
742 5255 851 5310 Franco
863 5255 982 5310 Camar-
1034 5255 1089 5311 bus
1103 5254 1255 5322 exstiterit,
1264 5246 1842 5325 custodienshujusnostraenotitiaeatque

177 5342 269 5414 lingo,
285 5345 313 5396 et
328 5343 385 5398 alio
398 5344 506 5399 Franco
518 5343 704 5411 deDeodato,
719 5342 982 5416 caterisquepluri·
1031 5343 1219 5402 refutationis
1233 5343 1337 5413 brevis,
1353 5338 1565 5400 benedictionis
1582 5335 1705 5408 gratiam
1728 5336 1842 5394 amise-

178 5431 242 5487 mis.
255 5433 329 5488 ttnte
343 5431 388 5486 his
399 5432 534 5487 omnibus
548 5432 734 5503 presentiam
748 5432 877 5489 erexitse
892 5434 981 5490 Esne-
1032 5433 1235 5490 ricerdissimo.
1246 5432 1371 5490 Domino
1386 5433 1444 5488 Deo
1460 5429 1559 5485 nostro
1571 5424 1842 5497 multiplicitercon.

179 5519 272 5576 dictus
283 5518 449 5576 Portuensis
464 5520 624 5593 episcopus,
641 5525 671 5577 et
683 5536 782 5577 coram
795 5521 872 5579 dicto
887 5523 981 5579 archi·
1033 5525 1181 5596 sequatur,
1193 5525 1222 5578 et
1234 5520 1300 5578 vitae
1312 5524 1428 5576 esterna
1440 5517 1584 5591 particeps
1593 5515 1668 5572 effici
1680 5519 1838 5573 mereatur.

179 5607 314 5680 episcopo
329 5607 535 5680 interpellavit,
551 5611 580 5663 et
600 5606 696 5664 dicere
711 5611 812 5683 coepit:
829 5633 844 5662 a
859 5611 983 5668 bomine
1034 5612 1128 5678 Quam
1139 5611 1300 5668 chartulam
1314 5609 1408 5665 brevis
1421 5605 1603 5663 retutetionis
1616 5605 1769 5662 benedicto
1785 5621 1854 5662 no·-

177 5695 356 5754 sanctissime
369 5697 491 5752 Pateret
505 5697 601 5752 senior
610 5697 655 5752 cui
667 5698 741 5754 Deus
751 5699 981 5756 commisitsum·
1034 5703 1108 5758 tario
1124 5703 1153 5757 et
1165 5699 1313 5756 scriniario
1328 5695 1403 5754 sedis
1417 5698 1522 5752 nostrae
1546 5693 1709 5770 apostolice
1732 5709 1784 5768 pro
1797 5691 1839 5751 fu·
