3944 6186
280 379 350 442 erra
848 372 1363 446 utercumumunstoarnusrs
1817 395 1868 454 luc

260 515 263 520 ’
284 501 410 572 eremit,
436 505 498 561 tum
522 499 654 562 omnium
677 520 727 562 ore
748 521 818 579 puer
839 507 996 577 extollitur,
1015 505 1871 580 tumnabeodemFrangerecommcmcrabetmullisetashn·

277 594 365 652 etiam
385 608 432 649 res
446 592 582 650 divinitus
598 596 678 665 gesta
690 610 755 650 cum
777 595 939 652 obedientis
960 597 1075 665 merito,
1126 595 1203 651 tibus
1214 613 1244 651 se
1258 597 1381 664 audisse,
1397 600 1426 652 et
1440 597 1570 654 libellum
1586 597 1620 654 dc
1630 598 1683 655 vita
1701 615 1785 656 eorum
1795 603 1872 674 pen'ter

270 682 400 753 jubentis
408 680 530 754 imperio
540 682 698 738 ascribitur.
706 685 805 757 ltaque
815 700 849 739 ex
863 683 1077 758 utriusqnesan·
1124 683 1226 739 vidisse
1238 685 1340 757 (quem
1351 686 1420 758 quia
1431 685 1594 760 antiquaria
1605 703 1688 742 mann
1710 695 1872 746 conmanunt

272 768 370 824 ctitate
392 769 481 825 virtus
495 768 597 825 eadem
623 775 686 826 acta
699 771 835 827 creditur.
856 771 1033 844 operabatur
1048 775 1076 826 et
1123 771 1260 842 scriptum
1274 775 1303 828 et
1321 773 1494 829 astillicidin
1509 790 1582 829 cerae
1597 791 1669 846 pene
1682 775 1799 844 inlusum,
1808 778 1870 832 lecto-

270 854 1072 932 aliamuttaperaorummeritumillicchristusmiracula.
1123 873 1186 912 reru
1201 859 1263 931 ejus
1277 877 1336 915 non
1351 860 1519 931 ignoramus
1533 861 1619 916 luisse
1634 864 1785 933 perrarum),
1796 867 1872 920 atron

588 947 701 1003 CAPUT
720 948 754 1003 ll.
1124 961 1187 1018 quae
1197 946 1334 1003 hactenus
1348 949 1445 1020 paucis
1454 949 1672 1021 perstrinximus
1680 949 1770 1016 verbis,
1783 951 1843 1006 illinc
1853 969 1872 1007 se

362 1035 455 1091 Varia
476 1035 662 1092 translationes
688 1037 876 1092 Wintershoot'r'
892 1035 981 1104 sacto.
1123 1032 1446 1107 delibasse,nuperrime
1457 1051 1524 1091 vcro
1535 1035 1695 1092 incursione
1704 1035 1872 1108 (illlllungre-

307 1122 435 1189 Quorum
445 1139 563 1179 rumore
576 1123 648 1196 (520)
660 1123 834 1179 childericus
847 1139 907 1191 rex,
923 1122 1071 1193 tunc(527l
1122 1135 1198 1188 nun,
1211 1125 1329 1194 propter
1343 1122 1485 1178 incuriam
1506 1124 1666 1190 custodum,
1680 1139 1740 1178 cum
1749 1123 1801 1180 aliia
1814 1126 1874 1182 rehu

272 1208 371 1266 sedem
384 1211 496 1267 habens
509 1213 584 1284 apud
609 1212 681 1282 (538)
691 1211 864 1283 Traiectum,
879 1214 971 1267 tactus
993 1227 1074 1266 com·
1122 1207 1257 1265 eumdem
1273 1210 1402 1266 libellum
1418 1210 1613 1283 deflagrasse:
1629 1209 1684 1266 Sed
1696 1209 1750 1266 hac
1763 1211 1873 1268 hmtenus.

273 1298 442 1370 punctione,
457 1303 586 1372 sumptus
599 1299 773 1355 necessarios
793 1298 928 1355 mittebat
938 1298 966 1354 ei
980 1298 1073 1371 quoti·
1158 1297 1183 1350 8.
1197 1297 1263 1351 Post
1275 1298 1512 1354 Nortmaunicam
1533 1301 1630 1353 autem
1640 1297 1820 1370 repulsionem,
1835 1300 1873 1370 pti·

269 1385 326 1441 die.
350 1386 407 1443 Sed
421 1387 547 1460 quadam
561 1387 621 1442 rice
642 1387 784 1442 Adrianus
796 1387 924 1461 quidam,
943 1386 1072 1458 ejusdem
1122 1384 1311 1455 musqnidam
1322 1385 1615 1441 nomineTietboldus
1624 1385 1713 1440 locum
1726 1385 1874 1457 prelibatum,

270 1473 347 1529 beati
361 1473 414 1529 tiri
429 1475 575 1547 adragem
588 1473 792 1541 internuntius,
807 1475 898 1530 nimia
912 1475 973 1530 anri
987 1478 1016 1529 et
1029 1490 1073 1528 ar·
1121 1471 1169 1526 ubi
1196 1487 1317 1544 corpora
1339 1477 1504 1529 sanctorum
1532 1476 1616 1528 erant
1633 1473 1759 1546 reposita,
1775 1475 1875 1528 amunte

272 1561 352 1632 genti
380 1561 510 1634 pondera
533 1563 685 1634 deportare
713 1561 848 1628 creditus,
874 1562 1072 1618 alatronibus
1122 1558 1875 1634 Flandrensiabhatinmthttlsancticoniessorischristi

269 1651 312 1703 est
323 1647 508 1721 interceptus,
519 1653 548 1705 et
562 1650 592 1705 in
605 1649 702 1705 medio
725 1649 777 1704 riae
793 1651 855 1705 loco
875 1649 972 1706 Villari
993 1666 1072 1704 man
1121 1647 1241 1703 Batonis
1255 1652 1383 1724 tenente,
1405 1650 1514 1722 accepit
1524 1651 1590 1722 jure
1603 1649 1745 1716 beneflcii3
1769 1651 1820 1722 post
1829 1665 1875 1703 eun

268 1733 375 1805 tyrium
390 1736 518 1808 adeptus.
544 1737 645 1792 Beatus
655 1753 722 1792 vero
738 1737 929 1802 Landoaldus,
956 1752 1070 1792 cursum
1120 1735 1312 1807 Adclgandus.
1325 1737 1378 1804 Qui
1390 1739 1484 1810 potius
1496 1738 1657 1810 cogitantes
1668 1755 1727 1810 qun
1741 1735 1875 1792 suulmundi

197 1861 204 1869 .
267 1819 333 1876 vitre
347 1823 498 1894 prasentia
510 1823 637 1896 explens,
651 1823 681 1878 in
696 1825 844 1878 senectute
863 1823 941 1878 bona
967 1812 1106 1894 repca-B
1120 1839 1207 1895 qnam
1219 1841 1282 1896 quae
1294 1829 1360 1880 suut
1372 1826 1633 1898 Domini,nliquem
1639 1825 1875 1882 reverentiecultun

267 1909 409 1965 sationem
426 1909 570 1982 indeptus,
584 1909 734 1966 homiuem
747 1909 835 1977 exuit,
847 1909 977 1966 bravium
988 1926 1069 1966 coro-
1120 1915 1284 1967 sanctorum
1299 1915 1543 1987 parvipenderunt
1562 1914 1705 1987 reliquum
1717 1930 1770 1969 esse
1782 1913 1876 1967 bonon:

267 2011 313 2051 na
327 1997 464 2068 perennis
478 1997 596 2070 accepit,
604 1993 730 2070 sepulltis
741 1998 773 2052 in
784 1996 903 2052 ecclesia
912 2013 999 2069 quam
1009 1997 1069 2068 ipse
1119 2000 1253 2070 quocirca
1262 2001 1400 2072 paulatim
1410 2001 1510 2057 haberi
1521 2000 1607 2073 coepit
1616 2001 1789 2074 contemptui.
1797 1999 1876 2054 Utrerc

266 2081 458 2141 aedificaverat
485 2087 515 2141 et
537 2085 568 2140 in
596 2086 707 2141 honore
726 2085 756 2140 B.
770 2084 847 2140 Petri
861 2099 913 2155 per
928 2084 1069 2139 Kalendas
1119 2088 1313 2158 Apenuostrae
1323 2089 1400 2144 aetati
1411 2089 1561 2155 finitimus,
1574 2105 1641 2144 cum
1651 2086 1877 2158 liliislocumipsun

266 2169 432 2228 Decembris
444 2171 634 2228 dedicaverat.
650 2170 776 2227 llecessit
796 2173 892 2226 autem
914 2170 1069 2243 quartode·
1118 2175 1248 2246 precario
1259 2176 1375 2231 sortitus
1385 2179 1437 2244 est,
1445 2176 1518 2247 jam,
1530 2176 1619 2248 ipsius
1629 2175 1678 2232 Dei
1693 2175 1878 2246 timoreposlpo·

265 2257 342 2314 cimo
357 2260 498 2315 Kalendas
520 2259 634 2332 Aprilis.
651 2259 707 2314 Sed
720 2258 878 2314 etcomites
897 2258 1069 2330 peregrina·
1119 2262 1184 2330 sito,
1195 2264 1315 2319 ecclesia
1330 2264 1391 2336 ipsa
1400 2281 1461 2320 uon
1471 2267 1584 2318 tautum
1595 2263 1685 2318 sancti
1697 2260 1878 2319 honoraconde

265 2343 353 2402 tionis
367 2347 428 2420 ejus
451 2363 537 2419 supra
561 2346 751 2413 denominati,
772 2345 840 2413 suis,
860 2348 946 2418 prout
958 2345 1069 2403 Christo
1119 2351 1371 2418 bito,verun1sno
1398 2351 1519 2408 omnino
1542 2355 1661 2407 vacuata
1674 2353 1715 2408 est
1735 2351 1878 2407 ornamento.

266 2432 360 2501 libuit,
374 2434 554 2508 temporibus
576 2434 613 2489 eb
627 2435 681 2489 hac
696 2434 758 2489 luce
777 2433 895 2500 evocati,
911 2433 987 2488 circa
1003 2449 1069 2488 enm
1118 2439 1294 2496 wandoldus
1309 2440 1443 2512 deinceps
1457 2440 1488 2496 in
1502 2439 1635 2496 dominio
1648 2438 1768 2511 ejusdem
1781 2435 1880 2492 summat

267 2523 335 2576 sunt
352 2521 383 2577 in
402 2521 505 2578 eadem
517 2521 636 2578 ecclesie
649 2519 794 2576 tumulati.
811 2520 894 2596 Solus
908 2521 1009 2576 beatus
1020 2537 1070 2576 uo·
1118 2527 1202 2596 rillae,
1218 2528 1267 2584 nbi
1291 2531 1320 2582 et
1340 2528 1450 2602 accepit
1467 2528 1562 2584 locum
1584 2528 1735 2601 sepulture
1748 2543 1754 2581 :
1768 2541 1812 2598 pro
1823 2524 1880 2594 cujus

267 2607 347 2664 mine
362 2611 391 2664 et
404 2609 509 2666 mento
522 2609 673 2665 Amantius
692 2609 829 2664 diaconus
841 2608 873 2663 in
886 2609 988 2666 eadem
1003 2624 1069 2664 cum
1118 2616 1309 2672 tumulatione
1333 2616 1408 2672 illius
1434 2615 1538 2672 deinde
1565 2616 1629 2688 ejus
1654 2617 1725 2688 (533)
1750 2613 1881 2670 hunbertus

265 2693 327 2769 il³⁵⁰
341 2697 435 2765 ihm,
446 2697 514 2770 ‘1⁰5²
528 2698 599 2770 ⁶1⁰⁸,
618 2700 650 2752 ῑῑῑ
663 2697 742 2753 sama
754 2697 822 2764 seri·
846 2696 877 2752 in
897 2697 1068 2770 bffpliffiaiss
1118 2703 1213 2760 cordis
1225 2706 1315 2760 tactus
1329 2707 1372 2760 est
1386 2704 1547 2772 devotione,
1562 2707 1595 2759 ut
1609 2705 1703 2759 locum
1714 2704 1782 2759 hunc
1795 2700 1881 2756 deberet

265 2782 340 2840 uuus
350 2784 494 2849 extiterat,
508 2785 623 2859 sepeliri
637 2788 680 2841 est
690 2787 854 2840 contemus.
1117 2792 1430 2866 excolere,pariterque
1440 2791 1726 2865 miraculumque
1735 2787 1881 2850 minuebat,
1932 2795 1933 2812 ¹

301 2877 329 2929 7.
345 2871 480 2929 Plurimis
492 2873 598 2931 deinde
625 2873 727 2946 elapsis
747 2889 892 2929 annorum
909 2873 1066 2942 curriculis,
1118 2897 1271 2954 suspensus
1281 2879 1490 2937 admonitione.
1501 2875 1882 2953 Namque,Dominoprediun

266 2961 295 3018 S.
312 2961 504 3030 Florebertus,
518 2961 603 3018 tertio
624 2961 687 3019 loco
706 2964 771 3035 post
784 2962 814 3018 S.
830 2962 1015 3018 lambertum
1025 2978 1068 3018 re·
1118 2969 1213 3042 ipsum
1228 2969 1281 3026 sihi
1305 2973 1373 3024 tnnc
1387 2969 1559 3036 vindicante,
1574 2983 1593 3024 a
1606 2968 1714 3036 vicinis,
1727 2963 1882 3041 praeuncta

264 3065 336 3123 gens
350 3049 531 3122 lhajecteuse
559 3051 604 3107 rel
629 3049 787 3106 Leodiense
815 3049 1001 3122 episcopium,
1017 3066 1067 3105 au·
1083 3049 1882 3143 0inimicitiisquibusdam,dissidenteiamiliaipains,rillu

266 3137 327 3194 dita
340 3137 399 3194 illic
413 3137 600 3194 multitudine
623 3137 784 3211 signorum,
808 3137 936 3193 monitus
960 3137 1068 3210 pariter
1118 3137 1882 3214 telasetaliasrestes,adecclesiamconiugiumiaciens,

263 3225 408 3299 responsis
420 3226 574 3295 visionum,
586 3242 635 3283 eos
644 3226 722 3282 illinc
733 3243 798 3282 cum
810 3225 898 3297 digna
907 3226 1069 3282 reverentie
1117 3249 1203 3304 snper
1212 3236 1376 3288 sanatorum
1390 3233 1505 3288 tumbas
1516 3231 1634 3304 abiecit,
1649 3231 1789 3304 presbyter
1795 3227 1883 3282 manua

256 3313 421 3380 'transtulit
437 3315 467 3368 et
485 3329 586 3370 eorum
607 3315 722 3370 tumbas
742 3329 795 3385 pro
816 3313 1003 3386 possibilitate
1016 3330 1068 3369 sua
1118 3319 1287 3376 Sarahcrtus
1301 3319 1405 3376 exinde
1418 3337 1452 3375 aa
1466 3319 1638 3374 deturbavit.
1654 3318 1708 3375 Sed
1731 3317 1763 3372 iis
1780 3315 1882 3370 iterumn
1931 3307 1932 3318 ¹

217 3403 226 3412 '
265 3401 394 3457 decorari
407 3401 565 3458 mandarit.
580 3403 664 3456 Facta
682 3405 725 3456 est
736 3405 832 3456 autern
847 3401 908 3456 hnc
918 3401 1066 3460 translatio
1117 3405 1228 3462 familia
1241 3400 1883 3480 reportatisibidem,etpreshyterodeteniune

264 3488 385 3544 Kalend.
401 3487 575 3556 Decembris,
590 3503 648 3560 quo
663 3493 692 3543 at
712 3487 923 3544 dedicationem
938 3488 1067 3559 ejusdem
1117 3495 1235 3550 ulterius
1244 3494 1389 3550 resisteret
1398 3494 1508 3563 eis,uox
1520 3493 1696 3567 supervenit,
1703 3495 1730 3547 et
1737 3488 1832 3547 tamdia
1841 3486 1882 3557 ipsa

264 3575 391 3632 ecelesiae
406 3590 492 3647 supra
513 3574 637 3630 diximus
660 3578 862 3631 memoratam.
884 3576 1065 3632 hlansitaaro
1117 3581 1276 3637 dormitum
1300 3599 1329 3636 se
1353 3582 1462 3638 circum
1486 3579 1599 3637 locarit.
1615 3581 1696 3636 Mane
1720 3569 1882 3650 expargalult

264 3662 368 3731 honor,
375 3661 467 3718 cultus
477 3665 506 3718 et
515 3662 676 3718 reuerentia
686 3662 762 3717 circe
771 3665 935 3718 sanctorum
946 3679 1066 3735 corpora
1117 3670 1224 3737 vident,
1238 3668 1385 3743 insperato
1409 3672 1439 3724 et
1450 3668 1512 3724 sine
1526 3684 1578 3724 nnn
1592 3667 1720 3735 laesione,
1734 3666 1796 3720 telas
1806 3666 1829 3716 et
1838 3673 1881 3730 qus

263 3749 1067 3823 quoadusqueeiieragensNarmannornm,sedibussuis
1117 3757 1318 3829 deposnerunt,
1333 3758 1545 3814 nmnnstnnsen.

264 3853 324 3894 non
338 3840 488 3906 mutante,
499 3841 591 3894 totam
605 3855 679 3911 pene
691 3838 811 3894 calliam
826 3838 1021 3912 perturbavit:
1037 3840 1066 3894 at
1151 3848 1178 3901 9.
1194 3846 1242 3900 Est
1253 3847 1394 3918 praterea
1407 3842 1630 3916 phylacterium,
1646 3841 1724 3917 quod
1741 3855 1798 3896 rere
1808 3835 1882 3892 dicitu
1930 3851 1931 3927 q

262 3925 368 3982 timore
379 3929 453 3993 (500)
465 3925 624 3998 eruptionis
639 3943 751 3994 eorum,
765 3943 802 3982 na
827 3930 990 3983 anctorum
1006 3927 1067 3984 vio-
1117 3929 1145 3987 S.
1162 3931 1318 3988 Laudoaldi
1334 3931 1420 3988 luisse
1434 3929 1635 4004 proprium,in
1649 3927 1761 4004 qnoqui
1770 3925 1881 3999 penum

261 4014 393 4070 larentur
415 4013 507 4081 busta,
523 4019 607 4071 tarra
630 4017 697 4070 eunt
711 4014 872 4071 addelibus
883 4016 1064 4071 remandata.
1115 4019 1336 4091 prresumit,non
1346 4019 1505 4091 impunitus
1513 4009 1881 4086 abscedit.Familieplusduo

262 4102 332 4160 linio
341 4103 459 4176 repositi
467 4104 517 4159 oni
526 4103 658 4159 interluit
667 4103 785 4177 quidam
796 4103 966 4176 Frangenrs,
977 4103 1066 4159 homo
1117 4105 1210 4161 decim
1222 4106 1350 4162 virorum
1364 4123 1396 4162 ac
1412 4105 1575 4171 mulierem,
1589 4103 1709 4176 witgeri
1729 4106 1756 4158 et
1772 4089 1881 4156 mntem

263 4195 362 4248 nostm
375 4194 461 4248 atate
470 4190 648 4261 senissimus,
663 4192 713 4266 qui
726 4195 832 4248 etanta
847 4191 1064 4248 infestationem
1115 4179 1881 4264 fratrumsacramento,neaufugerent,inaopbylacteri0

261 4279 528 4354 (dhdlpaganorum
539 4297 643 4336 novem
652 4281 755 4336 annuis
763 4280 974 4351 villoeejusdcrn
983 4279 1066 4336 exsti·
1116 4283 1159 4336 est
1167 4281 1303 4337 obstricta
1316 4297 1323 4336 ι
1335 4281 1413 4354 qnod
1425 4280 1539 4335 irritum
1556 4279 1675 4346 ducens,
1689 4275 1827 4348 insuperet
1838 4268 1880 4322 the·
1929 4309 1930 4354 ,

262 4371 339 4425 terat
351 4371 520 4441 procurator
536 4371 566 4425 at
577 4368 695 4426 villicus.
722 4367 932 4425 ilildabrandus
950 4384 1066 4441 quoque
1076 4361 1103 4422 D
1115 4366 1881 4426 snummineedemecclesiedominommsuemmreur

262 4457 421 4530 presbyter,
433 4474 520 4530 quem
539 4457 655 4531 propriu
668 4473 757 4512 manu
771 4458 840 4512 aute
856 4472 961 4528 paucos
973 4472 1066 4513 eunus
1116 4455 1351 4526 ditum,violaudo
1361 4451 1879 4526 aeramentorugrnseumanechon·

262 4545 414 4600 tumulavit
423 4545 593 4602 sarabertus
601 4546 848 4619 aequepreshyter,
857 4545 942 4618 hujus
954 4545 1065 4601 notitia
1115 4543 1191 4599 cirea
1200 4559 1218 4599 a
1226 4545 1465 4618 persequentibus
1474 4545 1580 4600 trustra
1592 4542 1738 4614 requisita,
1749 4545 1800 4596 eta
1810 4549 1880 4593 rerer·

262 4631 371 4688 relator
383 4631 576 4701 ildelissimus,
592 4633 641 4705 qui
656 4635 684 4688 et
698 4634 770 4701 haec,
783 4649 847 4706 quea
861 4631 1064 4706 praemisimus,
1117 4632 1242 4688 tentibus
1251 4634 1303 4689 sub
1314 4633 1417 4688 arbore
1427 4648 1517 4705 prope
1527 4630 1677 4686 ecclesiam
1686 4627 1818 4686 dormiens
1824 4622 1879 4678 saltu

297 4740 370 4864 (530]
383 4735 559 4792 childericus
574 4737 682 4810 incepit
702 4753 773 4811 puer
787 4754 819 4794 re
841 4753 911 4794 nara
925 4755 991 4794 cum
1006 4741 1066 4795 lm·
1160 4737 1283 4810 tactile.
1299 4738 1405 4794 itubea
1419 4737 1515 4805 Vallis,
1525 4735 1728 4815 Hungarorum.

263 4807 356 4866 mach·
370 4807 407 4863 da
420 4806 506 4864 vidua
521 4807 662 4880 Sigcherti
686 4808 782 4880 patrui
852 4823 930 4864 anno
945 4811 1007 4878 etc,
1021 4808 1065 4864 ia·
1163 4808 1457 4881 uul)l1uugarienno
1481 4809 1533 4863 954
1557 4805 1727 4860 llesbanram
1745 4803 1843 4859 ummo
1859 4795 1878 4848 θ)

264 4882 325 4934 ctus
338 4878 498 4934 monarcha
513 4894 591 4934 auno
606 4883 667 4947 070,
679 4878 876 4935 occisusanno
890 4881 951 4934 cic.
1115 4877 1223 4950 rapinis
1241 4881 1397 4947 vastarunt,
1411 4878 1518 4934 evocati
1539 4894 1558 4932 a
1577 4875 1709 4931 conrado
1729 4875 1793 4930 duce
1803 4867 1877 4926 butha·

302 4949 376 5018 (537)
387 4949 506 5004 Exstant
516 4949 674 5022 diplomata
693 4949 846 5005 childerici
870 4949 984 5021 signata
996 4951 1065 5004 Tra·
1116 4948 1229 5020 ringiae,
1245 4951 1276 5002 ut
1287 4949 1475 5016 Froduardus,
1484 4947 1650 5020 Sigabcrtus
1664 4949 1693 5000 et
1706 4941 1877 5021 mitteantur·

259 5018 340 5092 jacti,
351 5019 400 5076 ubi
414 5018 525 5075 ridetur
533 5037 609 5093 saepe
621 5019 717 5076 tuisse.
732 5020 820 5076 Sedes
829 5021 891 5076 e'us
902 5024 931 5076 et
942 5019 1066 5076 aliorum
1152 5017 1226 5092 (5³2)
1253 5019 1391 5091 Dispersis
1411 5036 1463 5092 par
1482 5015 1704 5074 Normannicam
1727 5016 1877 5084 innpuoneffl

261 5107 366 5164 regum
381 5090 592 5147 austrasiorum
605 5090 787 5165 potissimum
801 5091 842 5146 iui
879 5091 947 5146 urbs
960 5091 1066 5146 ceten-
1117 5089 1276 5157 monachis,
1291 5089 1407 5162 quaudo
1432 5090 1507 5146 Elias
1529 5087 1618 5144 abbm
1632 5084 1756 5142 Landuni
1769 5073 1879 5138 anu08⁹5

262 5160 310 5218 sis.
1118 5159 1200 5227 obiit,
1210 5159 1319 5216 ibidem
1341 5160 1371 5215 in
1386 5160 1504 5216 ecclesia
1528 5159 1557 5215 S.
1573 5157 1700 5213 Vincenti
1714 5145 1879 5228 sopoteclu-

298 5231 372 5304 (530)
391 5231 483 5292 Distat
494 5232 625 5306 Treiecto
649 5230 877 5288 Winteshorium
901 5233 935 5289 30
954 5230 1069 5288 circiter
1119 5231 1226 5286 uaehos
1240 5230 1424 5302 postmodum
1437 5223 1660 5313 neumegavitS.
1677 5223 1804 5308 corardus
1815 5215 1879 5294 abhas

262 5301 391 5360 millibus
405 5319 551 5378 passuum.
1120 5300 1294 5370 Bronieneis,
1332 5303 1361 5358 et
1396 5303 1605 5358 monasterium
1638 5295 1808 5358 reedificant
1828 5293 1883 5340 nune

301 5374 373 5446 (500)
388 5374 514 5448 Intelligi
527 5374 643 5431 videtur
667 5371 790 5446 irruptio
816 5370 892 5428 tacte
914 5387 992 5432 anuo
1005 5373 1068 5440 uat,
1120 5373 1241 5429 amittit.

304 5443 381 5500 ando
395 5445 541 5500 devalata
564 5447 593 5501 et
611 5443 730 5500 incense
743 5443 881 5515 leguntur
902 5443 933 5498 in
951 5441 1070 5499 Annali·
1156 5443 1228 5514 (533)
1246 5441 1324 5497 lulra
1337 5445 1366 5496 et
1379 5440 1410 5498 in
1426 5441 1573 5518 superiore
1592 5439 1727 5504 ulatione
1740 5419 1882 5490 mnndu-

286 5528 318 5568 us
353 5513 552 5583 Fnldenaibus,
590 5513 755 5586 Traiectum,
782 5511 922 5581 leodium,
955 5513 1070 5586 Turqri,
1121 5515 1176 5568 tur.

259 5597 350 5655 puger
363 5582 538 5643 Barbaricas
549 5587 579 5642 et
591 5583 685 5644 vicine
696 5585 768 5644 loce.
