4022 6188
256 351 323 432 'serr
736 367 963 428 cormarrin
980 369 1009 426 s.
1033 360 1268 428 srurooanar
1282 368 1438 434 sanaris.
1854 350 1923 445 rs‘n

255 507 355 548 vocem
378 492 587 546 etsermonem
612 488 688 546 Deus
717 489 902 563 omnipotens
929 489 1151 553 redderetAex
1162 493 1286 566 propriis
1299 497 1386 552 rebus
1397 498 1574 556 Numeniaco
1588 503 1753 574 expendere
1767 509 1863 580 effipia,
1874 515 1922 568 sed

257 579 456 653 optinuerunt.
487 577 617 633 Accurrit
638 580 668 633 et
691 578 747 633 dux
775 579 955 646 Teodericus‚
978 578 1068 634 irater
1116 580 1194 634 ldetti
1209 581 1250 636 sic
1262 585 1426 662 complevit,
1437 591 1466 641 ut
1480 588 1779 662 quicquidsehabere
1790 601 1923 654 recorda.

255 665 344 739 ipsius
352 665 496 739 pontificis
512 683 519 734 ;
537 664 682 721 alluerant
695 669 724 721 et
743 667 864 722 comites
876 666 1066 739 primariique
1117 667 1212 738 batur,
1224 671 1295 726 nibil
1309 676 1502 743 reservaverit,
1516 675 1539 730 si
1554 678 1697 749 quidvsro
1706 686 1922 754 remeantum·

254 754 382 810 militum
397 770 527 824 suorum,
544 753 655 810 nobiles
680 758 709 809 et
737 755 897 827 ignobiles;
922 756 1017 811 cuncti
1031 772 1066 811 ex
1116 757 1182 813 ritia
1194 760 1415 832 potiussuorum
1427 780 1516 836 quam
1533 765 1574 837 pii
1592 768 1715 839 pasturis
1733 771 1854 829 incuriae
1880 777 1933 834 de·

258 843 341 913 urbe,
358 843 512 910 suburbiis,
528 842 615 916 agris,
630 841 703 899 villis
730 846 760 898 et
786 843 898 916 oppidis
925 844 1068 900 irruentes
1116 846 1344 917 putandumest.
1359 850 1504 924 Quidquid
1527 855 1590 910 auri
1615 860 1799 934 argentique,
1828 866 1924 936 pallio

255 931 424 988 clamabant
438 948 468 986 se
484 931 614 999 miserus,
629 948 659 986 sa
675 932 756 988 omni
769 932 904 986 felicitate
919 931 1067 1004 indignos,
1117 949 1193 1000 rum,
1212 935 1334 992 vestium
1362 940 1559 1010 preciosarum
1586 945 1694 1004 habere
1714 954 1842 1020 poterat,
1867 971 1922 1009 non

256 1021 307 1096 qui
322 1021 372 1076 tali
384 1025 498 1094 pastore
513 1021 607 1076 orbati
620 1021 867 1090 destituebantur;
882 1022 1068 1095 luposomue·
1116 1023 1204 1079 modo
1225 1026 1364 1096 proximis
1378 1031 1408 1084 et
1423 1030 1532 1101 vicinis,
1552 1050 1651 1090 verum
1666 1039 1817 1095 servisnei
1841 1042 1924 1113 lunge

255 1125 326 1182 sque
342 1109 434 1166 malas
458 1107 564 1164 bestias
590 1109 690 1164 adesse
719 1108 916 1180 proforibus,
942 1125 1066 1184 quorum
1116 1114 1302 1190 manentibus
1331 1118 1446 1174 mittere
1472 1123 1591 1188 curarit,
1614 1129 1643 1179 ct
1667 1130 1698 1181 ut
1718 1144 1771 1199 pro
1797 1132 1923 1186 remedio

257 1197 402 1253 morsibus
413 1213 503 1269 usquc
526 1197 564 1252 ad
585 1197 678 1270 ipsam
695 1213 798 1253 necem
812 1197 972 1254 dilaniandi
985 1200 1067 1270 pate-
1116 1200 1221 1256 animae
1237 1219 1295 1259 suae
1309 1221 1419 1279 proque
1432 1209 1583 1266 cotidianis
1596 1216 1768 1284 excessibus,
1792 1219 1856 1274 sine
1867 1220 1926 1291 qui-

255 1290 333 1356 rent,
350 1286 465 1343 vocibus
480 1285 710 1342 intolerabilibus
723 1295 747 1329 π
766 1287 998 1358 ingeminabant.
1116 1288 1169 1344 bas
1183 1290 1229 1345 vix
1239 1292 1342 1365 aliquis
1357 1299 1407 1350 aut
1422 1297 1517 1354 nullus
1528 1299 1606 1364 vivit,
1619 1310 1774 1361 exorarent
1797 1311 1828 1362 et
1853 1308 1927 1379 apud

292 1379 337 1436 tl.
354 1377 461 1433 Praesul
476 1375 657 1444 venerabilis,
670 1375 825 1432 auditishis
836 1376 934 1432 animo
948 1375 1066 1448 quidem
1116 1377 1178 1448 pias
1192 1379 1442 1440 Divinitatisaures
1455 1385 1665 1448 interventores
1688 1393 1807 1464 fierent,
1824 1395 1925 1468 depre-

256 1468 286 1522 et
294 1465 396 1538 spiritu
414 1465 613 1531 conturbatus,
636 1465 714 1520 etad
730 1464 869 1538 pietatem
885 1465 938 1520 sibi
953 1465 1065 1538 ingeni·
1116 1467 1244 1524 cabatur.

255 1555 317 1608 tam
330 1556 505 1618 commotus,
526 1551 556 1606 in
573 1552 679 1608 multas
704 1553 837 1608 lacrimas
859 1553 1065 1621 resolvebatur,
1152 1557 1195 1611 ³³.
1212 1557 1284 1612 Nam
1297 1558 1383 1614 beato
1401 1562 1521 1620 bladino
1534 1566 1665 1638 Turonis,
1681 1573 1782 1627 sancto
1798 1573 1925 1630 Dinnisio

256 1642 286 1700 et
299 1640 378 1712 quod
392 1641 491 1695 multae
504 1638 691 1694 adversitates
701 1641 841 1714 populum
855 1643 920 1712 post
937 1645 1065 1697 mortem
1116 1642 1352 1712 Parisios,saucto
1361 1649 1492 1723 Remigio
1500 1653 1607 1722 iternis,
1616 1661 1723 1714 sanctes
1730 1659 1925 1718 Hamaevirdrs

255 1744 338 1784 suam
353 1726 524 1783 insecutura
538 1731 644 1796 essent,
660 1727 733 1784 sicut
743 1745 810 1801 sepe
823 1729 976 1785 incolumis
991 1747 1064 1802 prae-
1115 1729 1156 1799 ni,
1170 1736 1269 1788 sancto
1286 1735 1372 1791 Petro
1388 1737 1525 1809 Colania,
1539 1745 1694 1818 multisque
1703 1746 1767 1802 aliis
1776 1765 1832 1821 per
1842 1751 1925 1806 Fran·

256 1815 377 1885 dixerat,
394 1832 471 1872 nuuc
499 1815 631 1872 infirmus
654 1819 683 1871 et
697 1817 831 1872 transitui
845 1834 895 1873 suo
911 1817 990 1885 satis,
1007 1819 1064 1874 bau
1075 1811 1101 1872 B
1114 1818 1188 1875 ciam
1205 1822 1385 1894 superiorem
1398 1825 1626 1904 interioremque
1648 1836 1755 1892 mactis
1774 1838 1864 1894 xenia
1878 1840 1925 1894 bu-

255 1904 356 1960 nohis!
372 1903 520 1976 proximus
535 1904 719 1976 praedicebat.
736 1905 864 1974 llicebet,
886 1921 951 1961 suas
971 1905 1065 1978 magis
1113 1907 1366 1968 uoritlcentissima
1378 1914 1507 1985 mittens,
1525 1921 1661 1990 patronos
1675 1923 1718 1976 sui
1732 1924 1849 1980 itineris
1869 1943 1923 1998 quo

256 1991 429 2048 nielicitates
441 1995 473 2047 ut
488 1992 639 2061 deflerent,
660 2009 689 2048 se
708 1993 800 2066 magis
822 1995 1063 2064 lamentarentur,
1113 1997 1253 2068 pergebat
1271 2001 1434 2072 adquirere,
1449 2008 1535 2076 prout
1562 2011 1687 2080 poterat,
1712 2011 1883 2082 festinabat,
1897 2019 1924 2070 et

255 2079 329 2136 nibil
342 2079 409 2135 novi
421 2079 531 2148 adesse,
548 2080 679 2137 debitum
690 2081 779 2153 primi
793 2081 920 2152 parentis
935 2083 1006 2136 nulli
1019 2083 1064 2138 iu·
1114 2084 1150 2142 de
1169 2101 1340 2144 mammona
1354 2095 1378 2132 ⁷⁹
1391 2091 1551 2166 iniquitatis
1564 2098 1681 2168 amicos,
1702 2101 1753 2172 qui
1773 2118 1808 2157 se
1834 2103 1865 2157 in
1884 2107 1925 2158 ta·

256 2168 447 2240 dulgendum,
465 2167 535 2223 dum
548 2168 593 2224 his
607 2169 656 2243 qui
685 2170 790 2225 nullius
815 2170 906 2226 debiti
924 2169 1065 2227 obnoxius
1114 2173 1271 2231 bernacula
1284 2181 1392 2236 esterna
1407 2182 1580 2256 reciperent,
1593 2187 1698 2244 lucrari
1713 2193 1925 2247 maturabatlu

256 2259 328 2325 erat,
340 2255 466 2311 Christus
481 2257 555 2311 Deus
570 2260 599 2312 et
611 2257 750 2312 Dominus
766 2261 875 2326 noster,
891 2258 953 2331 ipsa
964 2258 1066 2314 mortis
1115 2262 1169 2318 hac
1179 2265 1304 2338 denique
1315 2269 1575 2330 tantaintirmitate
1585 2278 1768 2347 constitutus,
1781 2281 1842 2336 boc
1852 2282 1927 2353 egri·
2008 2323 2009 2328 .

256 2345 399 2401 acerrima
411 2343 579 2400 discrimina
591 2345 713 2418 experiri
724 2348 754 2401 ct
762 2347 824 2418 pati
834 2364 893 2403 non
902 2347 1064 2419 refugisset.
1115 2351 1224 2408 tudinis
1238 2370 1327 2412 onere
1342 2365 1548 2431 pregravatus,
1560 2366 1664 2420 coelum
1678 2383 1710 2422 ac
1727 2369 1860 2425 caelestia
1886 2388 1926 2425 su·

255 2434 321 2506 lpse
335 2449 405 2505 crgo
420 2432 590 2488 infirmitate
603 2449 767 2506 oppressus,
794 2452 848 2507 per
868 2435 990 2507 aliquot.
1005 2437 1066 2492 dies
1115 2439 1579 2518 spiriiscontinuispetere,oculis
1594 2453 1817 2527 ipsisetspiritu
1828 2459 1925 2514 sedulo

255 2521 288 2576 in
303 2521 408 2576 eodem
429 2521 490 2576 vico
514 2522 690 2577 Numeniaco
713 2522 813 2594 jacuit,
836 2524 927 2579 donec
949 2524 1066 2581 invento
1117 2543 1176 2584 uon
1204 2546 1328 2602 cessans,
1346 2536 1436 2592 multo
1451 2540 1564 2610 maj0ra
1578 2557 1608 2595 se
1622 2545 1822 2614 promeruisse
1838 2563 1888 2602 ore
1900 2553 1927 2602 et

256 2608 529 2681 communicatoque
546 2608 576 2664 iu
597 2609 720 2666 invicem
738 2611 868 2680 consilio,
883 2629 900 2668 a
913 2615 989 2669 clero
1004 2615 1067 2686 plc-
1116 2616 1201 2672 corde
1214 2634 1329 2691 semper
1343 2622 1497 2694 fatebatur,
1510 2627 1581 2684 dum
1591 2630 1855 2691 etiamsecundnm
1864 2653 1927 2708 apo

257 2697 351 2770 beque
371 2697 407 2752 ad
424 2696 526 2752 urbem
551 2697 699 2770 propriam
723 2699 901 2771 deportatus,
926 2717 943 2756 a
969 2703 1067 2759 multis
1116 2704 1181 2760 stoli
1194 2706 1391 2766 dulcissimum
1402 2713 1588 2772 adhortatum
1603 2717 1672 2790 ipsis
1686 2723 1796 2777 sanctis
1805 2727 1927 2796 proglc

257 2785 375 2860 quidem
391 2785 534 2855 devectus,
552 2786 754 2859 aplurioribus
783 2792 939 2862 susceptus,
971 2791 1066 2846 dicere
1116 2793 1313 2854 riaaetcrnaet
1322 2805 1462 2872 perpetua
1471 2819 1579 2861 corona
1590 2810 1770 2865 certantibus
1788 2829 1855 2868 nou
1874 2815 1927 2870 sint

256 2873 464 2948 pussibile‘uon
479 2877 533 2942 est,
559 2879 676 2947 quantae
687 2891 778 2945 voces,
795 2877 894 2948 quanti
913 2879 1065 2946 clamores,
1116 2881 1267 2954 condignas
1278 2888 1425 2959 passiones
1433 2891 1715 2966 hujustemporis,ad
1722 2899 1928 2956 luturamean·

254 2962 421 3034 viduarum,
438 2962 649 3034 orphanorum,
674 2964 804 3020 virorum
832 2966 1065 3035 clarissimorum,
1118 2969 1185 3027 dem
1197 2973 1333 3044 gloriam,
1349 2994 1412 3049 ques
1428 2981 1599 3037 revelabitur
1623 2984 1653 3038 in
1677 2985 1792 3043 eisdem
1823 2989 1926 3044 sancus
2008 3023 2009 3030 .

255 3051 527 3108 honestissimarum
542 3051 730 3120 laminarum,
746 3053 783 3108 ad
798 3054 855 3110 alta
865 3071 933 3112 aera
947 3061 1067 3128 protan-
1119 3054 1490 3132 lacn.v·111,1s)‚etuanam
1505 3067 1535 3122 in
1554 3069 1647 3140 uobis,
1661 3073 1729 3128 licet
1754 3075 1889 3148 indignis
1901 3081 1926 3132 et
2008 3067 2009 3090 ³

257 3139 410 3197 dabantur.
426 3139 633 3196 honaoborum
649 3143 678 3195 et
689 3141 943 3200 sanctimonalium
954 3153 1066 3217 tuque·
1117 3161 1177 3202 non
1190 3150 1378 3206 merentibus.
1392 3153 1490 3210 Sancti
1511 3157 1565 3212 lob
1584 3161 1612 3212 et
1630 3160 1728 3216 Tobiae
1752 3165 1927 3220 venerabilis

255 3245 322 3284 rum
337 3227 571 3300 frugesmaxima
584 3229 614 3282 in
631 3229 792 3300 manipulos
800 3233 949 3303 perplures
962 3237 991 3288 ct
1005 3249 1064 3289 non
1115 3235 1297 3309 patientiam,
1319 3239 1526 3313 sufferentiam,
1543 3247 1782 3322 reliquorumque
1812 3259 1924 3308 mern

258 3317 456 3374 numerandos
471 3317 559 3389 ipsius
574 3317 704 3389 ejusdem
718 3319 960 3389 pastorisdiutino
974 3323 1064 3376 cunti·
1115 3327 1927 3404 mmpatrumvererisnoviqueTestamenvireminiseens

256 3421 374 3477 auoque
389 3405 489 3460 labore
503 3408 533 3459 et
546 3403 652 3459 sudore
663 3409 857 3473 exurrexerat,
881 3407 991 3479 pudore
1018 3426 1066 3464 or·
1115 3411 1164 3483 qui
1179 3412 1304 3470 ludibria
1313 3419 1342 3470 et
1351 3418 1471 3474 verbera
1484 3423 1731 3498 experti,iusuper
1742 3433 1808 3483 et⁸⁰
1818 3431 1926 3486 nucula

258 3493 319 3548 dini
334 3509 385 3548 sue
405 3492 503 3546 debito
519 3491 616 3544 nimiis
632 3491 779 3547 doloribus
806 3495 975 3567 postposito,
1004 3515 1065 3553 urn-
1115 3501 1297 3570 elcan-eres,
1313 3503 1429 3562 distenti
1449 3508 1539 3563 ctiam
1563 3516 1631 3567 suut
1653 3530 1713 3570 non
1737 3518 1926 3590 suscipientes

257 3579 303 3636 nis
316 3595 398 3634 sexus
412 3583 441 3634 el
456 3581 525 3633 aetas
549 3593 701 3634 accurrens
725 3583 755 3634 et
770 3583 801 3636 ut
816 3582 908 3637 verius
923 3583 1016 3640 dicam
1025 3586 1063 3640 ir·
1114 3587 1358 3664 redemptionem,
1382 3599 1413 3650 ut
1434 3597 1634 3654 invenirentur
1651 3605 1810 3661 meqmm
1833 3625 1926 3663 segur.

257 3683 418 3739 rumpens:
432 3665 509 3724 dicul
527 3665 632 3738 inquit,
645 3665 715 3722 aeus
736 3668 800 3740 quid
814 3675 887 3726 lanto
894 3679 974 3743 patre
986 3675 1065 3730 crta·
1115 3677 1284 3734 rectionem.
1310 3680 1387 3738 beati
1413 3685 1502 3740 etiam
1524 3690 1627 3744 servuli
1650 3693 1874 3764 recordabatur,
1899 3701 1926 3750 et

258 3755 370 3828 ts',qaid
395 3762 469 3811 tanto
493 3761 599 3826 pastore
622 3753 753 3825 destituti,
775 3757 858 3830 plebs,
886 3759 979 3832 clerus,
1001 3763 1066 3818 crde
1116 3770 1346 3839 sempermcrita
1359 3774 1547 3845 praedicabat,
1560 3779 1724 3853 quiesque
1736 3783 1761 3837 is
1774 3784 1858 3840 idem
1876 3801 1925 3840 ηο-

255 3844 414 3902 mouaclailv'r
426 3845 667 3916 utrimquesecus,
698 3844 748 3899 tibi
769 3861 846 3902 amne
859 3849 930 3920 quod
947 3852 1067 3922 sapiebas
1117 3856 1253 3912 sterielia
1267 3857 1375 3914 delixus
1381 3860 1562 3932 infirmitate,
1570 3867 1734 3925 infirmitati
1741 3872 1864 3928 virtutes
1877 3875 1923 3928 ad·

256 3932 328 4009 qaod
338 3933 444 3990 vinctos
457 3934 544 4004 mcqis
558 3932 676 4001 dilectus,
690 3933 755 4005 quid
768 3942 840 4006 apel,
853 3953 905 4009 quo
926 3955 954 3992 se
971 3947 1068 4010 certet,
1118 3946 1247 4014 nectens,
1263 3945 1421 4017 ipsiuslesu
1432 3950 1537 4008 Christi
1549 3955 1664 4010 Domini
1678 3961 1782 4026 nostri,
1799 3963 1830 4016 in
1842 3963 1925 4035 ipsius
2008 3949 2009 3952 ¹

255 4024 303 4080 Μ’
317 4021 497 4093 iubjftfendti
513 4021 699 4094 relinquitur?
1116 4030 1194 4088 beati
1222 4033 1316 4090 obitus
1340 4037 1471 4108 articulo,
1491 4044 1598 4098 meruit
1618 4045 1784 4103 visitatione
1794 4054 1924 4107 consola·

292 4114 336 4168 32.
349 4112 488 4183 lpsevsro
498 4109 619 4165 dilectus
632 4111 691 4165 Deo
700 4111 832 4181 pontifex
841 4118 978 4171 consueto
989 4134 1066 4172 sem·
1118 4119 1184 4189 ri,et
1190 4123 1404 4193 ymnidicorum
1412 4130 1582 4200 angelorum
1591 4135 1710 4190 socesiu
1724 4139 1799 4194 coelo
1810 4155 1925 4195 resona.
2008 4119 2009 4140 ¹

256 4215 310 4275 per
324 4206 348 4242 ⁷⁸
360 4197 414 4256 sibi
431 4213 513 4253 more
524 4201 642 4254 extensa
656 4214 746 4253 mauu
758 4199 841 4272 signo
859 4204 949 4260 crucis
964 4221 1066 4262 omnes
1116 4225 1187 4264 nare
1196 4211 1531 4286 audiens,quidvirtusin
1541 4220 1925 4302 infirmitateperlecta,quid
2008 4269 2009 4286 .

256 4304 317 4346 uon
328 4287 428 4355 semel,
441 4302 501 4342 non
523 4285 567 4341 bis
582 4289 707 4355 tautum,
734 4287 785 4343 sed
800 4305 948 4364 quousque
976 4295 1067 4352 sancti
1116 4298 1263 4372 patientia
1273 4302 1377 4358 lenitas
1388 4304 1572 4378 adipiscatur,
1582 4313 1706 4382 posteris
1714 4314 1866 4373 imitanda
1879 4319 1925 4374 de·
2008 4369 2009 4378 ,

257 4374 397 4450 Stephani
421 4375 655 4448 prothomartiris
666 4376 824 4432 aecclesiam
841 4378 1008 4450 deportatus
1022 4383 1068 4440 iu·
1116 4387 1235 4460 reliquit
1252 4397 1284 4444 ⁸².
1295 4391 1367 4446 Nam
1381 4393 1482 4450 beatus
1503 4396 1545 4450 vir
1561 4401 1589 4452 et
1602 4404 1926 4462 venerandussacerdos
2008 4413 2009 4482 l

239 4463 1068 4546 vtramitteretur,l)eocorrrmissamplebcmcommendare
1119 4475 1428 4546 adalbero,utacervus
1438 4484 1607 4542 meritorum
1617 4489 1678 4560 ejus
1687 4491 1776 4548 etiam
1787 4510 1842 4564 per
1852 4495 1927 4550 infir
2008 4485 2009 4490 ’

256 4569 316 4610 non
330 4552 489 4610 desinebat.
504 4553 630 4607 iusserat
640 4555 748 4622 autem,
763 4557 793 4609 ut
804 4555 899 4627 primo
918 4562 985 4614 ante
1005 4577 1068 4618 san·
1119 4564 1226 4620 mitatis
1235 4569 1348 4638 pondus
1358 4569 1388 4624 iu
1398 4573 1605 4644 perlectionem
1621 4595 1710 4650 usque
1722 4580 1888 4650 deveniret,
1901 4589 1926 4639 et

256 4641 295 4698 eu·
319 4639 458 4713 Stephani
474 4641 575 4709 altare,
595 4643 659 4712 post
673 4641 782 4698 cunctis
801 4646 934 4702 oratoriis
962 4649 1065 4706 domus
1117 4651 1245 4709 invirum
1253 4657 1413 4726 perlectum
1423 4661 1588 4732 plenissime
1603 4681 1788 4724 succrescens
1805 4689 1926 4746 exurga-

257 4729 594 4797 ffiductffidevehffi'ems’
604 4729 644 4785 ibi
660 4746 844 4804 sesuum(1¹¹⁰
858 4737 1064 4807 P⁰P¹¹¹⁰m000
1116 4746 1172 4808 rel,
1181 4743 1230 4816 qui
1237 4746 1441 4816 temptationes
1449 4749 1661 4825 illatassemper
1667 4755 1715 4827 pie
1723 4758 1882 4828 sufferens,
1899 4767 1926 4817 ut

256 4817 493 4890 orationibusque
507 4823 672 4874 sanctorum
686 4819 820 4892 precibus
836 4822 973 4895 depositis
983 4844 1063 4884 cum·
1118 4833 1261 4905 acciperet
1270 4834 1579 4909 vitecoronam,quam
1588 4846 1758 4915 repromisit
1770 4849 1848 4906 Deus
1864 4853 1924 4906 dili·
2008 4913 2009 4920 ἵ

256 4907 473 4980 mittere,pr0ut
481 4909 605 4979 poterat,
618 4912 704 4980 prout
712 4909 816 4965 virium
827 4912 1002 4982 possibilitas
1016 4927 1071 4981 aut
1120 4922 1253 4995 gentibus
1267 4925 1614 4997 sa,aegritudiuehsctam
1623 4933 1727 5003 valida,
1739 4940 1803 4993 tarn
1814 4940 1925 5013 ingenti

255 4996 439 5055 imbecillitas
452 4997 651 5068 permittebat,
667 4998 785 5054 studuit.
809 4999 880 5055 llinc
905 5001 1069 5075 bajulorum
1121 5011 1390 5084 depressusjecuila
1401 5015 1441 5069 ss!
1458 5019 1593 5075 omnihus
1609 5021 1717 5080 dem„
1729 5029 1825 5097 partis
1837 5047 1926 5084 mem,

256 5085 393 5144 manibus
402 5085 611 5158 episcopalibus
618 5085 973 5156 lectisintroductus,loctc
981 5093 1069 5168 depc-
1120 5100 1353 5173 brisgravissima
1362 5106 1485 5178 paralysi
1494 5109 1643 5180 resolutus,
1661 5114 1769 5170 nullius
1783 5117 1874 5174 offleii
1888 5121 1924 5173 si-

256 5177 345 5245 nitur,
356 5177 427 5232 etut
439 5175 625 5247 competebat
638 5174 799 5242 infirmitati
818 5178 889 5249 ejus,
909 5181 1069 5242 subsidium
1119 5203 1190 5260 gore
1204 5191 1300 5263 aliquo
1316 5193 1404 5248 modo
1426 5211 1545 5268 compos
1563 5198 1697 5268 existens,
1718 5205 1809 5260 solius
1823 5208 1924 5280 linguae

257 5264 451 5324 nccemarium
461 5263 663 5336 familiareque
670 5263 695 5320 si
702 5263 1069 5337 impenditur.Elemcsinas
1119 5276 1279 5334 ministerio
1295 5284 1403 5353 nactus,
1411 5283 1509 5340 laudes
1516 5285 1642 5344 Creatori
1654 5305 1706 5346 suo
1725 5292 1786 5350 Deo
1806 5295 1886 5352 Patri
1899 5307 1926 5358 et

912 5406 1029 5466 VARIAE
1061 5412 1265 5473 trcrlorass.

291 5530 317 5569 π
330 5523 445 5608 ἰιιῐοΙοπς
459 5525 477 5580 2
490 5528 514 5566 n
525 5519 778 5604 sanctimonalium
791 5524 819 5581 2.
841 5529 866 5606 ⁷⁸.
879 5524 933 5583 sibi
945 5544 1061 5606 semper
1073 5533 1101 5607 ³,
1115 5542 1139 5580 τ·
1155 5540 1330 5598 mamonae.
1349 5549 1373 5584 ⁸⁰
1383 5540 1454 5602 deest
1463 5541 1491 5602 3.
1508 5553 1531 5590 ⁴¹
1545 5561 1588 5610 nr.
1604 5550 1629 5604 t.
1643 5545 1672 5610 2.
1689 5552 1719 5610 ³.
1730 5559 1756 5596 υ
1766 5552 1919 5632 dereliquit

257 5597 288 5666 q,
300 5603 421 5670 asporta
432 5611 462 5651 ra
473 5597 500 5651 l.
513 5596 543 5654 2.
559 5599 675 5668 matrum
688 5609 802 5650 eacuwn
815 5593 948 5656 relictum.
