3952 6176
280 375 331 434 sos
889 371 1031 430 inlunis
1051 371 1196 433 oucoru
1214 363 1337 430 vuueri
1834 389 1874 444 su

279 498 372 572 spetio
383 500 540 566 manserat,
556 496 702 571 ipsiusque
724 495 813 556 eiiam
827 514 845 554 e
860 497 999 556 veneticis
1014 497 1087 554 oculi
1099 499 1127 560 A
1139 498 1225 568 oculi,
1235 498 1382 572 ipsiusque
1388 497 1654 559 ducetumeuierent
1660 509 1876 580 posseuorqusep'us

279 587 370 643 avulsi
386 589 461 642 sunt.
1137 585 1876 661 uniusannispatiolueret.8uperqnemdeiudelemtiei

314 675 361 730 llis
373 692 488 749 quoque
503 674 680 747 temporibus
692 673 860 732 Antoninus
872 675 1024 732 Gradensis
1037 691 1087 749 pa·
1137 675 1290 743 irruentes,
1305 692 1420 749 unaque
1428 675 1761 746 conspirantesvoluutete,
1772 682 1877 738 oculosu-

279 763 430 819 triarchas
439 763 575 835 prmsenti
587 764 649 820 luce
659 764 851 836 migraveram
865 765 945 836 cujus
954 765 1086 837 regimen
1136 763 1330 820 militerillius
1353 766 1502 820 eruerunt.
1519 763 1591 820 Loco
1603 763 1677 835 cujus
1685 765 1878 828 dominicorum·

278 867 424 907 annorum
438 854 472 908 22
488 855 516 907 et
535 852 681 908 mensium
698 853 742 919 10,
757 851 875 926 insuper
890 856 919 908 et
931 852 1043 908 dierum
1054 853 1087 908 20
1137 855 1297 924 gnomento
1308 852 1880 924 Monogarium,Metemaucensemducemsi·

277 938 382 995 suerat.
397 939 512 996 Hisdem
528 940 616 996 etiem
632 940 735 996 diebus
749 940 923 1012 Foiiuleusis
938 941 1088 996 ecclesian
1137 941 1166 996 bi
1174 940 1314 996 iecerunt.
1325 941 1359 997 Et
1367 943 1468 998 utmos
1476 940 1552 1013 vulgi
1559 941 1659 1014 estqui
1666 959 1794 1016 nunquam
1803 943 1825 1000 in
1832 963 1881 1018 pre

279 1026 387 1084 Sereno
403 1030 524 1100 praesule
535 1030 701 1102 regebatur,
716 1027 776 1102 qui,
791 1029 897 1084 nullius
908 1028 1025 1102 justitie,
1039 1045 1088 1084 ex·
1137 1030 1384 1101 positavoluutete
1399 1029 1555 1101 persistens
1566 1031 1792 1103 ⁸²,sedquendem
1803 1049 1882 1104 supere

279 1118 388 1189 pertus,
404 1117 456 1172 sibi
472 1116 666 1191 usurpationis
689 1134 784 1186 cause,
800 1117 882 1188 regin
896 1120 1037 1190 potestate
1051 1117 1087 1174 ab
1136 1117 1234 1174 titiose
1246 1117 1366 1174 stultitia
1379 1117 1448 1175 alies
1457 1121 1544 1191 etque
1557 1117 1883 1176 aliesedinsentione'ssieo·

279 1205 436 1277 apostolice
451 1206 518 1262 sede
533 1205 981 1280 pelliumprimustontummodo
991 1205 1087 1280 ecqui·
1137 1207 1242 1281 gitans,
1258 1207 1354 1280 primo
1370 1206 1446 1263 illius
1460 1207 1555 1264 ducati
1571 1206 1883 1281 anconitanensem

277 1293 351 1363 sivit,
368 1310 402 1349 ee
416 1293 581 1366 hujusmodi
597 1294 749 1368 epistolam
765 1312 782 1350 a
796 1295 935 1368 Gregorio
959 1293 1088 1352 antistite
1137 1296 1189 1352 suh
1201 1295 1295 1352 ducali
1307 1296 1425 1354 decretu
1435 1295 1634 1364 consisterent,
1643 1295 1695 1352 sibi
1707 1299 1885 1368 preposuerunt.

279 1380 410 1438 Romano
426 1382 568 1454 accepisse
581 1382 757 1439 dinoscitur:
1140 1382 1222 1448 Quod
1237 1383 1327 1442 etiam
1339 1400 1392 1458 per
1400 1383 1528 1458 singulos
1543 1399 1634 1442 annos
1645 1383 1822 1456 prenominati
1833 1383 1886 1440 ducis

316 1469 404 1524 Tanto
419 1487 529 1526 munere
542 1473 601 1544 quis
612 1471 726 1542 ditatur,
740 1479 870 1544 quantum
885 1472 918 1530 in
927 1471 1089 1528 sublimitate
1137 1471 1202 1528 uitae
1214 1471 1310 1530 facere
1325 1472 1420 1530 conati
1447 1476 1524 1530 sunt.
1549 1471 1657 1548 Deinde
1678 1470 1778 1546 pretuli
1796 1471 1887 1526 Venami

274 1559 377 1630 positus
389 1557 421 1613 de
434 1576 460 1614 se
474 1575 507 1616 ee
528 1559 659 1616 mandato
680 1559 786 1616 domini
802 1559 988 1634 Redemptoris
1002 1561 1089 1616 iumi-
1137 1558 1214 1616 iacta
1228 1559 1445 1634 conspiratione
1455 1559 1586 1634 ejusdem
1597 1559 1732 1620 Dominiei
1745 1559 1810 1616 ducis
1821 1559 1888 1614 oeulos

278 1643 338 1700 liter
347 1648 435 1701 sentit.
451 1645 561 1704 Etenim
581 1648 727 1722 pastoralis
740 1649 858 1718 dipnites
872 1649 1046 1720 sinputeriter
1056 1666 1089 1706 ee
1138 1649 1309 1706 evellerunt.
1317 1649 1500 1723 Fueruntque
1507 1647 1888 1708 anniducutusilliusnumerol.

278 1733 429 1790 numilitate
457 1741 588 1803 ornatum
616 1737 791 1808 spernendum
819 1739 916 1812 quippe
945 1737 1089 1810 apostolica
1175 1739 1243 1794 Post
1266 1747 1290 1782 ⁸⁸
1314 1739 1456 1796 dicessum
1481 1747 1505 1783 ⁸⁴
1528 1739 1609 1814 cujus
1634 1735 1724 1796 omnis
1735 1735 1889 1792 veneticorum

279 1821 355 1878 tectio
370 1825 462 1893 erpuit
483 1824 563 1880 elatos
573 1853 582 1893 ,·
605 1832 630 1881 et
655 1827 682 1882 si
702 1827 836 1900 accepisti,
861 1825 926 1899 quid
953 1819 1303 1899 ploriuris,Birequentie
1315 1825 1402 1884 simul
1421 1826 1551 1896 collecte,
1565 1825 1718 1901 quemdam
1735 1823 1889 1880 eiremllen·

225 1954 228 1960 .
278 1911 359 1983 quusi
371 1913 395 1965 si
407 1914 610 1985 nonneceperis.
621 1912 697 1970 Nem
710 1914 774 1970 dum
785 1913 821 1970 ad
837 1912 978 1971 cumulum
990 1917 1032 1971 tui
1044 1915 1090 1970 iae
1138 1913 1239 1970 eliense
1254 1914 1375 1972 civitatis
1399 1914 1568 1974 lleuricium
1587 1913 1712 1982 nomine,
1731 1911 1890 1986 peritissimum

278 2001 350 2054 noris
356 2000 482 2072 precibus
493 2003 585 2058 eximii
593 2002 646 2072 filii
665 2004 752 2060 nostri
767 2005 835 2075 repis
856 2004 930 2074 (tesi,
937 2003 1089 2076 plurimum
1137 2001 1266 2059 saeculeri
1282 2001 1388 2071 studia,
1402 2002 1521 2060 numius
1531 2002 1643 2060 honore
1655 2000 1890 2075 maimundus

278 2089 358 2144 etrum
366 2106 418 2160 pro
433 2090 590 2146 rectitudine
604 2091 668 2162 fidei
678 2109 760 2164 quam
774 2097 798 2148 te
814 2098 939 2166 tuamque
953 2091 1089 2148 secusium
1137 2107 1199 2148 sem
1215 2091 1339 2146 insulem
1364 2090 1539 2150 sublimavit.
1564 2089 1619 2156 uui
1647 2090 1713 2146 dum
1736 2088 1855 2161 sapienter
1873 2088 1891 2140 et

279 2183 366 2233 tenere
391 2186 415 2233 et
438 2179 593 2251 amplectere
615 2182 785 2252 copnouimus
802 2182 951 2252 provocati,
975 2180 1089 2253 pellium
1137 2178 1295 2236 hononiice
1307 2179 1514 2236 veneticorum
1527 2175 1891 2236 censeminomnilrustmdt·

278 2265 329 2321 titi
350 2265 505 2338 direximus,
533 2268 718 2324 interdicentes
741 2275 765 2324 et
780 2271 849 2324 inter
874 2276 970 2337 cetera,
990 2286 1022 2324 ne
1035 2286 1088 2324 un·
1137 2270 1193 2332 ret,
1207 2267 1362 2325 undecimo
1378 2269 1421 2326 sui
1435 2269 1556 2326 ducatus
1570 2284 1648 2326 enno
1663 2268 1736 2341 apud
1748 2265 1891 2323 dliroleusen

278 2372 360 2428 quarn
372 2355 534 2428 clienajura
548 2357 693 2426 invaderes,
703 2364 751 2414 cut
761 2359 997 2415 temeritatisousu
1007 2375 1089 2416 usur·
1137 2357 1192 2430 (44)
1205 2357 1330 2415 insulem
1345 2357 1504 2432 apostolice
1515 2357 1686 2415 auctoritate
1707 2371 1802 2413 norum
1816 2351 1892 2426 spisso

273 2459 354 2516 pnres
371 2444 592 2516 jurisdictionem
605 2446 776 2520 cujusquam,
790 2446 838 2503 sed
851 2448 880 2502 in
892 2447 932 2501 liis
947 2463 1014 2504 esses
1023 2465 1088 2504 eon·
1137 2447 1239 2518 petum
1251 2445 1315 2502 iore
1331 2445 1467 2504 decrevit.
1481 2448 1514 2502 ln
1542 2463 1601 2520 quo
1628 2444 1767 2520 quendem
1786 2441 1894 2504 clericum,

279 2537 365 2585 tentus
379 2548 437 2605 pure
458 2550 540 2606 usque
566 2533 672 2590 actedus
687 2534 836 2610 possedisti.
857 2534 938 2590 Nune
960 2552 1032 2603 uere,
1058 2543 1088 2592 ut
1138 2531 1488 2604 onsuienammnomins,
1499 2534 1668 2609 episcopum
1677 2526 1895 2590 ordinauitllellint

278 2622 462 2692 eopnonimus,
500 2621 645 2680 Gradensis
667 2623 792 2695 presulis
830 2624 921 2680 niteris
941 2624 1089 2696 peruadere
1132 2615 1204 2679 “eum
1218 2622 1340 2696 triginta
1350 2625 1380 2680 et
1394 2639 1453 2680 uno
1469 2640 1550 2680 enno
1576 2623 1694 2680 ducatus
1707 2619 1852 2694 &priimum
1861 2630 1895 2687 pu·

274 2707 354 2780 jura,
369 2716 448 2784 utque
462 2727 494 2766 es
506 2711 613 2784 disque
621 2711 738 2786 possedit
758 2728 828 2768 nune
847 2729 929 2786 usque
948 2729 1085 2785 usurpare.
1136 2709 1283 2779 berneret,
1293 2711 1357 2783 jem
1375 2710 1604 2782 effectsissenex,
1617 2705 1897 2786 populoinurpuuuu

277 2795 322 2854 Ne
343 2815 404 2870 erpo
431 2801 460 2854 in
486 2799 603 2873 quodam
617 2800 717 2856 existes
732 2807 883 2868 temerator,
897 2818 931 2858 ee
944 2801 1087 2874 apostolius
1135 2799 1301 2859 iohannem
1319 2816 1404 2858 suum
1417 2799 1511 2860 sslium
1526 2799 1700 2858 honorissui
1708 2798 1804 2856 hebere
1815 2805 1899 2852 comor-

278 2889 618 2961 euetoritetepreeipimus
631 2905 665 2946 ne
688 2888 741 2946 ulto
762 2889 839 2947 modo
865 2892 990 2946 tenninos
1011 2905 1087 2948 eece·
1136 2889 1197 2944 tem
1210 2888 1395 2962 complacuit.
1423 2889 1540 2946 lluobus
1563 2888 1750 2964 postmodum
1769 2883 1837 2942 suuis
1853 2893 1897 2936 ceu

277 2973 325 3030 das
338 2974 374 3031 ed
386 2993 445 3032 eum
464 2993 604 3050 possessos,
631 2977 676 3034 sed
698 2977 787 3036 sotum
799 2979 920 3051 suspiciat
933 2981 962 3035 in
974 2979 1015 3034 lis
1028 2995 1088 3054 que
1135 2976 1236 3034 sobole
1250 2975 1345 3034 extitit
1358 2977 1441 3034 etsie
1459 2977 1599 3036 ultimum
1625 2977 1655 3036 in
1670 2991 1737 3052 paee
1750 2969 1897 3030 finiuitdiem

276 3063 355 3121 medo
367 3081 450 3138 usque
460 3065 602 3139 possedisti
608 3083 617 3134 ;
641 3083 688 3122 nec
714 3066 830 3138 amptius
853 3084 935 3141 quam
949 3069 977 3122 in
989 3067 1087 3138 finitus
1171 3065 1309 3123 Preteree
1323 3081 1389 3122 eum
1410 3069 1507 3126 cuent
1528 3067 1652 3128 suniat)
1677 3057 1897 3124 incernatioueiit

271 3153 462 3226 proculdubio
475 3154 814 3228 pentisLnnpobordorum
828 3146 1122 3228 eeutentiduspres-C
1135 3152 1209 3210 mini
1235 3153 1396 3226 octingenti
1422 3153 1527 3228 viginti
1551 3157 1623 3224 tres,
1644 3151 1791 3220 iohanne,
1809 3139 1897 3204 semei

275 3257 335 3296 sum
355 3241 459 3298 leudem
477 3259 663 3314 presummas,
687 3250 718 3298 ut
743 3259 799 3300 non
824 3244 924 3316 injuste
947 3247 1087 3318 suscepisse
1135 3241 1272 3302 antedicti
1287 3242 1372 3311 illius,
1387 3242 1671 3317 honorisIestigium
1684 3231 1898 3316 npudeundenin·

274 3331 392 3402 pretium
407 3327 532 3386 cetiatmn
543 3339 566 3374 ⁸¹
580 3331 663 3403 pollii
685 3348 718 3388 ee
726 3333 934 3405 presumptione
947 3333 1084 3402 ostendes,
1134 3330 1227 3386 sulam
1240 3329 1360 3388 edemus
1373 3333 1420 3388 est
1431 3331 1611 3404 gubernare,
1628 3345 1715 3405 quem
1728 3341 1813 3402 neque
1824 3318 1898 3392 scripit

277 3423 303 3474 et
318 3417 378 3472 inde
401 3419 541 3492 apostolici
551 3422 641 3494 oipore
651 3421 770 3490 concilii,
784 3423 808 3477 si
817 3422 966 3478 inobediens
988 3423 1084 3494 suere,
1134 3433 1228 3492 neque
1241 3419 1677 3491 relationeexpertisumussum
1683 3417 1776 3494 patrie
1784 3406 1899 3503 commod}

278 3507 431 3578 reprobatus
445 3507 559 3564 muitum
581 3515 606 3563 et
631 3509 756 3581 indipnus
768 3509 906 3582 indiceres.
1134 3506 1209 3564 bene
1224 3511 1373 3567 trecusse.
1390 3508 1490 3566 Extitit
1502 3509 1625 3582 qiiidem
1644 3517 1669 3553 ⁸⁸
1691 3507 1743 3564 sibi
1756 3503 1821 3561 illius
1831 3499 1899 3556 leun

314 3593 423 3650 liudem
435 3594 524 3651 etiem
535 3599 667 3671 tempore
681 3597 839 3655 Emilienus
849 3599 1084 3674 patriercha,qui
1134 3595 1193 3652 cius
1205 3596 1336 3664 nomine,
1351 3596 1396 3654 cui
1420 3600 1521 3654 octavo
1544 3597 1660 3654 decimo
1682 3611 1756 3653 anno
1768 3591 1806 3649 sui
1816 3587 1899 3646 duelli

277 3682 453 3740 Gredensem
469 3684 619 3741 eeclesiam
634 3685 718 3743 annis
732 3689 748 3742 8
760 3689 790 3743 et
804 3686 928 3744 diebns5
942 3689 1085 3762 guthema-
1134 3684 1266 3756 ejusdem
1274 3683 1601 3757 dignitatissocietstem
1608 3673 1899 3750 concessitlemporibtlt

276 3775 367 3842 reret,
383 3771 413 3828 in
427 3788 499 3845 pace
511 3773 597 3831 sitam
612 3774 715 3852 finivit,
732 3775 782 3832 Cui
800 3774 905 3834 deinde
926 3777 1085 3834 Vitalianus
1135 3789 1259 3846 quorum
1274 3774 1353 3846 spud
1378 3774 1534 3832 veneciam
1559 3775 1635 3833 adeo
1661 3771 1779 3832 excrevit
1801 3759 1900 3828 mendi

277 3859 308 3918 in
323 3863 426 3918 eedem
441 3866 615 3920 successerat
630 3863 709 3920 sede.
1134 3879 1237 3920 omnes
1251 3862 1358 3920 insulse
1372 3863 1587 3922 ultramodum
1603 3862 1773 3937 cooperiret.
1785 3851 1900 3944 ductili

313 3951 361 4007 llis
384 3967 500 4026 quoque
525 3953 703 4026 temporibus
725 3953 891 4026 prelibatus
913 3953 1020 4024 Vitatis,
1035 3956 1085 4027 qui
1133 3951 1277 4024 siquidem
1291 3955 1426 4024 tempora
1436 3951 1620 4010 Constantini
1635 3949 1747 4026 augusti
1760 3945 1901 4011 orateur

275 4041 455 4098 Altinensem
470 4041 553 4097 aunis
568 4044 584 4098 9
600 4044 630 4098 et
644 4041 820 4098 mensibusd
836 4042 988 4099 ecclesiam
1002 4059 1083 4099 rexe·
1133 4039 1255 4096 busdam
1275 4039 1332 4098 suis
1360 4040 1499 4098 militibus
1523 4041 1614 4098 evulsi
1629 4043 1707 4108 sunt,
1719 4041 1748 4096 et
1761 4030 1900 4092 Emensis

275 4132 332 4198 ret,
343 4129 379 4186 eh
394 4129 448 4186 hec
472 4129 535 4186 luce
547 4129 709 4186 subtractus
723 4132 775 4187 est.
793 4129 944 4186 Severinus
958 4134 1085 4204 postmo·
1134 4132 1218 4202 gustu
1231 4128 1388 4202 imperium
1401 4128 1488 4204 coepit
1502 4131 1670 4202 gubernare
1683 4129 1740 4204 (uu.
1750 4123 1817 4198 til).

276 4217 347 4274 dum
362 4217 1084 4292 sitaecuijusedsecutorineademiueratdignitete
1169 4210 1901 4301 lllortuoueroObeliebutoepiseopo,quiolimletnell

277 4307 435 4364 ordinatus.
444 4306 559 4363 Eisdem
572 4309 660 4364 etiem
673 4308 772 4366 diebus
789 4308 917 4365 Venetici
932 4309 1085 4382 magistro·
1133 4306 1331 4381 episcopatum
1343 4309 1458 4366 rexerat
1472 4306 1558 4364 annis
1572 4310 1619 4376 2³,
1637 4304 1819 4364 curuulorus
1838 4289 1903 4352 eruli

277 4411 341 4452 rum
354 4395 1084 4471 militumpreelibatseprefecturedignitstemebo
1133 4395 1161 4452 ei
1173 4411 1325 4454 successor.
1342 4397 1427 4452 Anno
1449 4411 1517 4452 sero
1542 4395 1685 4468 vigesimo
1714 4392 1796 4451 tercio
1816 4383 1902 4481 duni&

277 4483 1084 4563 minantes,rursusutquoudamducem,videlieetlleus·
1094 4477 1121 4538 D
1132 4485 1254 4560 predicti
1264 4485 1414 4550 iohannis,
1429 4488 1581 4559 comperte
1593 4484 1744 4542 occasione
1754 4493 1829 4539 snum
1838 4473 1903 4529 fllllffl

277 4571 393 4641 dudem,
403 4572 549 4647 sepedicti
559 4572 676 4630 Urscuis
686 4573 771 4646 Vpsti
784 4574 888 4646 filium,
902 4574 933 4632 in
945 4575 1083 4632 lletamn-
1132 4573 1299 4632 linuricium
1310 4574 1405 4632 nsueti
1414 4573 1540 4633 exercitu
1549 4574 1586 4632 ed
1596 4574 1772 4630 (trudensem
1781 4561 1904 4654 usnemu!

276 4677 360 4720 oense
374 4661 468 4720 insula
481 4661 536 4718 sibi
558 4664 703 4718 crearunt.
727 4663 812 4736 Cujus
831 4664 965 4736 regimen
991 4663 1084 4720 extitit
1133 4662 1273 4720 domnum
1286 4663 1450 4721 iohannem
1464 4662 1683 4720 sanctissimum
1698 4655 1904 4744 pauimentum·

275 4748 368 4822 spatio
385 4765 531 4806 annorum
546 4753 590 4808 13.
604 4752 667 4824 lpse
681 4767 795 4826 quoque
811 4753 942 4827 posthaec
957 4769 1023 4808 oum
1033 4753 1083 4809 de·
1132 4751 1457 4822 teriiceret,destinovit.
1467 4751 1520 4809 Ubi
1528 4751 1594 4808 illuc
1604 4751 1750 4826 persenit,
1756 4737 1905 4836 pete-milli?

275 4837 351 4894 coris
364 4843 394 4895 et
408 4839 567 4896 honestatis
577 4839 671 4914 gratie
687 4843 813 4898 cestrum
828 4842 907 4914 quod
921 4840 1084 4899 Brundulus
1134 4840 1263 4900 sionibus
1285 4841 1487 4913 obtemperare
1513 4841 1646 4911 studens,
1662 4837 1784 4897 eundem
1798 4829 1905 4890 tentim

275 4927 380 4984 dicitur
394 4945 454 4985 non
469 4946 504 4986 eo
519 4931 582 4986 loco
595 4929 624 4986 in
640 4945 698 5004 quo
713 4946 790 4986 nunc
801 4929 889 4986 situm
898 4931 1021 5000 videtur,
1032 4929 1083 4988 sed
1134 4945 1216 4986 mum
1230 4930 1324 4986 virum
1335 4930 1491 4987 crudeliter
1497 4929 1656 4989 interiecit
1671 4925 1906 5002 cummuniter

275 5017 352 5074 ultre
365 5021 540 5091 presentem
554 5019 648 5093 ripem
663 5018 795 5076 fluminis
803 5021 931 5076 condere
946 5018 1046 5089 voluit,
1055 5021 1085 5076 et
1133 5019 1357 5078 mumdolorem
1367 5019 1425 5078 suis
1436 5019 1685 5094 reliquitcisihus,
1696 5007 1906 5092 montanistae

272 5106 1085 5186 iuieaquodaminfldeli,ouuanomine,ejmavu1sisunt
1133 5083 1907 5184 imratnmrsmptusmuuumntincommoditati

935 5281 1050 5340 lelAE
1067 5279 1268 5342 LEGlIONliS.

312 5411 334 5452 ⁸¹
350 5402 494 5465 eolletot.
533 5413 557 5452 ⁸¹
566 5403 724 5480 presistens
735 5408 763 5465 2.
801 5405 900 5464 ⁸⁸ln'ne
913 5405 995 5465 codes
1010 5410 1021 5466 l
1032 5409 1132 5482 perpit.
1171 5407 1275 5464 utut
1315 5412 1338 5452 ⁸⁸
1353 5419 1406 5466 noe
1419 5421 1499 5482 mpra
1515 5403 1614 5466 lineum
1640 5403 1738 5480 euple
1754 5401 1778 5458 l.

275 5565 283 5600 ι,
396 5569 398 5572 -
436 5545 471 5601 :a
1060 5527 1173 5594 utile.

311 5650 368 5734 (it)
382 5651 515 5730 uldrolo,
