3952 6176
227 299 278 372 15
775 303 909 372 amona
919 297 1080 374 5511155
1090 295 1343 378 1155555555
1803 309 1846 384 15

231 453 289 512 555
305 434 499 496 reimmensas
520 432 680 510 gratiarum
700 436 828 500 55115555
849 438 909 498 1155
927 455 960 500 ac
978 437 1078 516 51555.
1392 438 1507 504 CAPUT
1523 425 1597 498 xxti.

232 527 329 584 arnico
350 524 516 583 beatissimo
538 525 698 584 relerentes
713 526 880 598 Benedicta,
896 529 1031 588 eamdem
1335 527 1443 588 doctor
1457 527 1543 586 muita
1560 529 1656 588 amoc.

142 685 143 688 Ἴ
232 619 332 672 natam
358 631 439 670 suem
455 614 481 670 ei
498 619 639 688 perpetuo
653 617 824 674 servituram
844 618 1036 688 tradiderunt,
1122 619 1167 676 lt.
1184 619 1249 676 itae
1261 616 1298 674 de
1309 616 1455 677 miraculis
1470 633 1534 690 555
1546 619 1618 674 Beue
1630 615 1853 692 permeritasancti

231 713 296 776 quae
314 703 504 774 postmodum
521 703 629 760 ducens
641 703 747 775 uirum,
767 706 841 762 filios
855 709 1035 780 procreavit3
1087 708 1130 763 sui
1146 705 1292 764 Benedicti
1307 705 1423 763 dirersis
1438 705 1467 761 in
1476 703 1546 774 locis
1560 705 1670 778 operari
1683 705 1855 780 dignatusest,

230 806 264 845 ex
279 806 403 862 quorum
427 791 569 864 progenie
583 792 704 866 quidam
724 793 817 850 adhuc
838 811 897 852 non
921 795 1037 854 inutiles
1086 795 1173 852 inerti
1186 796 1260 868 stylo
1273 793 1856 855 555551555555511555555111155551555·

230 877 288 951 (51)
303 879 332 934 15
348 879 462 936 servitio
479 881 639 952 perdurant
652 882 787 938 fratrum.
1085 886 1186 940 tamen
1199 883 1274 938 hauc
1287 881 1462 938 sententiam
1471 881 1630 942 claudendo
1641 881 1715 956 operi
1725 881 1855 942 511555155-

535 969 647 1026 CAPUT
665 971 731 1029 lllll.
1086 975 1139 1041 tes,
1156 987 1310 1027 monemus
1318 971 1457 1028 lectorem
1469 971 1561 1028 multa
1576 987 1627 1028 nos
1637 971 1752 1028 scienter
1759 975 1857 1045 preter·

424 1056 497 1114 Caci
513 1058 569 1114 deo
584 1059 672 1116 lomna
684 1067 848 1134 receperunt.
1086 1059 1161 1116 iisse.
1182 1058 1349 1116 Cavendum
1366 1061 1409 1115 est
1423 1058 1544 1116 enimin
1558 1058 1695 1115 universis
1704 1059 1779 1116 robes
1788 1073 1859 1117 omna

264 1148 311 1204 45.
326 1147 421 1220 Nuper
438 1163 607 1220 quoqueres
619 1150 847 1224 estgestaquam
857 1165 954 1206 narro.
969 1148 1036 1216 Qui·
1086 1148 1222 1216 nimium,
1235 1147 1439 1204 etauditorum
1450 1147 1574 1204 15155115
1584 1147 1860 1220 gratabreritateinri·

230 1237 299 1292 dam
311 1252 402 1292 cacus
413 1235 689 1309 argentomagensis
698 1238 784 1294 castri
797 1237 902 1307 incola,
914 1238 984 1294 dum
994 1254 1038 1295 re·
1086 1237 1186 1306 tanda,
1203 1251 1263 1292 non
1283 1235 1431 1292 fastidiosa
1446 1238 1490 1292 est
1511 1235 1682 1309 loquacitate
1703 1235 1860 1293 deterrenda.

230 1325 326 1399 liquiro
346 1325 434 1398 ipsius
455 1325 713 1397 praecellentissimi
742 1327 916 1384 contessoris
935 1327 1038 1390 Christi
1086 1325 1137 1380 llic
1150 1341 1220 1397 ergo
1231 1323 1297 1382 linis
1308 1323 1364 1380 erit
1375 1321 1453 1394 libri,
1463 1322 1637 1398 quamvis,si
1649 1323 1862 1380 Bominosrolue·

230 1413 378 1470 Benedicti
397 1429 413 1468 a
431 1413 542 1470 salensi
564 1413 636 1469 cella
658 1414 695 1469 ad
717 1413 856 1471 Saunium
871 1415 1037 1471 Marcellum
1086 1413 1124 1470 rit
1137 1413 1254 1486 vitaque
1269 1427 1367 1468 comes
1381 1411 1523 1480 meritos
1532 1429 1597 1485 qua
1606 1411 1773 1468 tidelistrma
1782 1410 1862 1467 151515

231 1503 392 1574 martyrem
406 1501 461 1575 (55)
478 1501 642 1560 airatribus
656 1502 834 1572 deierantur,
850 1506 927 1560 tacto
943 1505 1036 1560 loculo
1085 1517 1162 1576 pens
1188 1500 1341 1574 divulgari.
1362 1499 1505 1569 Neustria,
1520 1502 1620 1557 nostra
1634 1515 1803 1573 nequaqnam
1818 1499 1863 1555 sint

231 1589 386 1647 confestim
402 1590 494 1644 visum
511 1590 633 1663 recapit.
660 1591 823 1664 Requiescit
842 1607 911 1648 sene
934 1605 1038 1664 corpus
1087 1588 1323 1647 silendadesidia.
1335 1589 1520 1662 (1555511551
1531 1589 1621 1645 etiam
1631 1586 1863 1645 nosadtaoeudam

232 1677 320 1751 ipsius
333 1678 425 1734 sancti
438 1678 575 1751 martyris
587 1678 616 1734 in
628 1679 747 1736 ecclesia
757 1697 817 1736 non
827 1682 915 1754 longe
927 1678 963 1736 ab
975 1679 1037 1752 ipso
1088 1678 1173 1734 amici
1189 1677 1234 1749 [s.,
1250 1676 1371 1740 inimici]
1386 1677 1488 1747 nostri,
1503 1677 1554 1752 551
1573 1676 1734 1734 maximnm
1746 1675 1865 1750 deputari

232 1770 326 1823 castro
343 1769 517 1824 constructe.
535 1765 618 1832 Quod
632 1783 700 1824 cum
718 1768 883 1825 identidem
898 1784 915 1824 a
930 1767 988 1825 suis
1001 1761 1866 1838 55115151511155555551555,515115555515511515555551511

232 1856 349 1912 Solense
372 1855 582 1912 monesterium
598 1855 848 1925 deletumiuisset‚
862 1857 935 1913 alter
949 1872 1039 1914 caecus
1088 1857 1160 1928 gant
1181 1853 1310 1910 dentem.
1330 1855 1468 1911 Attamen
1489 1854 1569 1910 nulla
1593 1869 1695 1911 eoram
1715 1850 1867 1910 donaciani

233 1945 268 2001 de
282 1944 347 2000 villa
358 1943 446 2016 ipsius
455 1944 763 2015 monasterii,ldodicia
771 1945 900 2014 nomine,
908 1944 948 2002 ibi
956 1945 1040 2001 adra·
1088 1941 1304 2000 deterrebimur
1317 1942 1474 2017 quominus
1486 1942 1589 2000 laudes
1603 1942 1654 2000 Boi
1670 1957 1702 1998 ac
1716 1937 1867 2014 ejusdilacti,

232 2033 276 2088 nit
289 2034 405 2106 magnis
416 2033 532 2089 vocibus
542 2035 675 2090 sanetum
685 2033 824 2091 invocans
833 2033 1039 2101 Benedictum;
1089 2029 1181 2087 Patris
1195 2030 1327 2088 videlicet
1340 2031 1432 2088 nostri
1446 2030 1608 2088 beatissimi
1620 2027 1870 2099 Benedictirelsra·

233 2121 313 2176 tame
326 2137 454 2194 namque
463 2121 604 2194 suprafati
613 2123 819 2195 miraculiJam
831 2123 893 2195 eius
905 2123 1041 2195 attigerat
1089 2135 1165 2176 mus.
1182 2121 1239 2176 lsta
1251 2119 1342 2193 igitur
1357 2119 1468 2188 omitia,
1483 2123 1514 2176 et
1528 2135 1595 2193 quae
1610 2119 1641 2175 in
1656 2116 1743 2192 priori
1757 2113 1873 2190 opusculo

234 2225 328 2265 cures.
345 2209 400 2274 Qui
415 2212 444 2265 et
455 2210 517 2281 ipse
528 2227 589 2266 non
602 2211 696 2267 multo
707 2215 862 2284 postquam
873 2210 982 2267 ibidem
992 2210 1041 2266 ad-
1089 2201 1873 2282 5115111555555155555555515555155155551555151-

233 2303 353 2355 venerat
367 2301 511 2369 temporo,
522 2297 679 2356 miserante
690 2301 750 2355 Bao
765 2302 795 2355 et
805 2299 917 2356 mentis
929 2301 1044 2354 555515-
1090 2297 1170 2370 5155
1185 2297 1241 2369 (aa)
1254 2297 1418 2366 abbatibus,
1434 2297 1483 2371 qai
1495 2295 1745 2354 huicBloriaceasi
1762 2291 1871 2351 canobo

233 2402 299 2449 rum
319 2387 529 2454 obtinentibus,
549 2388 649 2444 lumen
670 2387 749 2460 quod
767 2389 896 2460 5515551,
912 2386 1042 2458 recipere
1090 2385 1128 2442 ab
1142 2385 1224 2443 initio
1241 2401 1300 2442 sae
1314 2385 1502 2453 burdationis,
1518 2401 1573 2460 per
1590 2387 1736 2442 trecentos
1748 2379 1873 2455 55151515

234 2475 349 2532 meruit.
375 2477 407 2530 ln
432 2491 489 2548 quo
512 2475 645 2532 videlicet
670 2476 781 2534 Salensi
796 2477 931 2535 cenobio
952 2474 1041 2532 tantis
1090 2474 1218 2548 quinqua
1233 2475 1289 2548 (57)
1305 2477 1383 2531 eteo
1405 2473 1529 2548 ampiim
1543 2473 1725 2545 pmiuerunt
1739 2467 1874 2539 5555511·

234 2569 352 2638 tamque
368 2563 489 2620 assiduis
510 2563 590 2622 idem
605 2567 668 2623 toto
687 2565 757 2622 orbe
771 2565 943 2624 reamabilis
956 2565 1041 2622 Pater
1090 2563 1177 2620 versis
1188 2563 1218 2620 in
1231 2564 1302 2620 locis
1312 2579 1366 2637 per
1380 2563 1485 2621 merita
1497 2563 1590 2620 555511
1604 2562 1774 2621 5551555515
1787 2559 1828 2617 sai
1834 2559 1875 2615 Bc·

234 2653 447 2710 monachorum
463 2656 573 2710 renutet
585 2653 731 2710 miraculis
743 2655 923 2724 Benedictus,
939 2656 1042 2710 51555-
1092 2651 1201 2710 nedioti
1212 2652 1327 2725 operari
1336 2653 1472 2726 dignatus
1482 2652 1617 2709 55115555
1623 2652 1750 2708 (11515155
1757 2648 1876 2707 Bominus

234 2742 311 2798 xime
324 2742 354 2798 in
365 2731 537 2798 ulciscendis
550 2741 684 2812 inimicis,
700 2743 767 2799 utsi
783 2745 888 2800 cuncta
900 2741 963 2817 quis
976 2739 1044 2797 velit
1093 2744 1202 2810 555155,
1217 2741 1267 2815 551
1292 2757 1360 2798 cum
1377 2741 1437 2797 Bao
1458 2743 1543 2798 Patra
1561 2744 1593 2797 et
1618 2739 1726 2813 Spiritu
1749 2735 1876 2795 55551515

236 2831 377 2889 mandare
398 2831 562 2902 memoriae,
576 2831 694 2906 proprio
716 2831 870 2906 indigeant
882 2830 1044 2889 uolumus.
1092 2829 1232 2888 Trinitate
1246 2830 1375 2904 perlecta
1388 2829 1457 2886 vivit
1472 2832 1501 2886 et
1513 2831 1623 2903 regnat
1636 2830 1721 2899 Beris,
1736 2823 1877 2902 peremnia

1094 2918 1200 2978 555515
1214 2919 1395 2976 senatorum.
1411 2920 1515 2975 Amen.

272 3081 330 3158 (51)
342 3081 452 3154 Nempe
465 3081 539 3140 servi
555 3081 739 3140 monasteriis
753 3081 862 3151 devoti,
873 3079 896 3137 si
909 3096 982 3154 quos
1001 3079 1052 3155 gie
1095 3078 1267 3140 vicesimum
1281 3077 1416 3162 quintam
1429 3080 1551 3151 occupat
1564 3078 1674 3136 locum.
1851 3143 1856 3158 ,

238 3157 369 3228 gnebcnt
379 3156 495 3225 liberos,
505 3154 524 3210 ii
535 3154 718 3211 monasteriis
729 3154 817 3210 etiam
830 3153 939 3212 addicti
952 3132 1080 3210 erant.C
1133 3152 1191 3226 (57)
1201 3151 1402 3232 5555155551
1411 3167 1479 3232 eum
1490 3153 1603 3232 ¹secutus
1614 3147 1783 3224 tietgaudus,
1794 3147 1880 3208 Boua·

273 3231 327 3294 (55)
342 3226 506 3282 Marcellum
517 3226 594 3298 apud
607 3226 646 3280 Ar
667 3227 820 3281 catomum
830 3226 959 3280 castrum
971 3239 1048 3278 mar·
1097 3223 1191 3278 censis
1206 3225 1376 3280 monasteris
1389 3221 1589 3278 conditionem
1598 3221 1730 3277 coierunt
1741 3221 1775 3277 ad
1788 3233 1879 3276 55555

173 3299 178 3312 ’
240 3297 307 3370 tyrii
321 3299 451 3369 palmam
467 3296 626 3352 obtinuisse
644 3242 753 3368 iegitur
769 3295 799 3350 in
811 3295 876 3350 Vita
890 3294 919 3350 S.
936 3295 1047 3351 Genultl
1099 3291 1204 3350 Christi
1215 3295 1277 3360 620,
1291 3309 1324 3348 ex
1339 3295 1415 3348 mate
1428 3296 1688 3374 comparatoanno
1700 3286 1881 3371 immanioris

240 3367 378 3441 episcopi,
392 3370 421 3422 ct
446 3370 547 3422 tamen
561 3367 639 3422 vicus
657 3367 755 3424 Sancti
773 3365 898 3424 Marcelli
910 3369 955 3422 est
972 3365 1049 3421 inira
1097 3364 1389 3420 cumanenseomsdo
1400 3363 1535 3419 clodovei
1546 3363 1675 3419 tunsone
1686 3359 1881 3436 BagobertrBa

239 3441 501 3511 Argentomagum,
1098 3434 1225 3508 gnifilii·
1241 3429 1882 3508 555555515555555155515515555115515

276 3509 330 3588 (511)
341 3510 451 3564 1155551
471 3522 544 3589 ‘ergo
564 3506 738 3589 5551555515
760 3505 900 3589 catalogis
914 3506 1049 3588 vulgatis,
1099 3510 1210 3562 menta
1218 3477 1886 3588 iegeBiesertationemdctranslationemrpons

240 3578 1048 3653 1555555055515555555555111555555155155551555,
1100 3577 1130 3634 S.
1144 3578 1175 3633 P.
1192 3575 1343 3634 Benedrctr
1357 3592 1388 3632 sn
1402 3575 1524 3634 65111555
1538 3593 1568 3632 m
1584 3573 1698 3632 Secuto
1712 3578 1746 3638 li.

410 3929 878 4087 arueras
930 3827 1779 4086 eeoaracarrcrs
1896 3871 1904 3890 ’

965 4179 1157 4284 SBRMO

667 4402 703 4458 IN
712 4397 987 4459 FBSTlViTliTlBUS
1003 4395 1125 4457 SBNGil
1140 4395 1265 4456 PBI'RIS
1279 4395 1447 4456 BBNEBIOE
1449 4398 1475 4465 1.

366 4525 459 4600 (Apud
473 4527 615 4584 loannem
630 4545 647 4583 a
660 4527 749 4584 Bosco
760 4527 890 4600 primum
903 4525 933 4582 iu
947 4526 1043 4585 lucem
1061 4523 1193 4594 emissus,
1206 4521 1372 4581 Bibliotheca
1385 4521 1575 4589 Florioeensis,
1590 4525 1611 4580 1.
1627 4524 1650 4594 1,
1665 4539 1696 4600 p.
1711 4521 1783 4591 211.)

275 4773 308 4828 15
330 4773 434 4831 555515
461 4777 645 4832 terrenorum
664 4773 876 4847 imperatorum
897 4771 1047 4844 natalitiis,
1062 4776 1145 4838 Dore
1157 4773 1309 4848 peccatoris
1325 4771 1423 4848 (Beati.
1443 4773 1504 4846 xv),
1519 4775 1622 4830 tamea
1644 4769 1832 4847 nemeamque
1843 4777 1884 4820 oc·

239 4862 332 4921 moris
347 4864 496 4938 quondam
509 4864 564 4922 iuit
575 4881 593 4920 a
603 4864 737 4938 suhjeetis
747 4864 865 4937 regibus
874 4862 1049 4920 maximaeis
1098 4865 1191 4923 strum
1203 4864 1319 4921 studere
1329 4863 1416 4920 debet
1427 4865 1469 4932 ut,
1482 4862 1567 4935 juxta
1580 4858 1798 4934 Psalmograpbi
1811 4851 1888 4912 meai

240 4951 369 5009 exhiberi
404 4953 536 5014 donaria.
567 4954 708 5012 Studehat
735 4953 824 5027 igitur
850 4953 1048 5026 unusquisque
1098 4954 1212 5023 tamin
1241 4953 1345 5010 sanctis
1369 4951 1426 5024 ejus
1447 4951 1548 5008 laudet
1570 4949 1721 5006 1151515555
1746 4944 1827 5020 lent.
1844 4939 1884 5010 fii·

239 5041 1048 5116 5555551555115155115555515555555155555115555
1098 5040 1280 5116 Quapropter
1294 5039 1492 5104 amantissimi
1506 5037 1625 5113 patroni
1650 5037 1741 5096 nostri
1761 5023 1885 5092 Benedicti

238 5132 386 5189 videretur
400 5133 580 5189 elaborabat.
598 5132 659 5198 Quo
676 5134 822 5206 exemplo,
837 5131 1049 5189 concedetuoi·
1098 5130 1415 5201 mensuetabenignate
1426 5128 1612 5202 inducitque
1622 5121 1842 5184 nossnissauctis
1850 5118 1884 5172 in·

238 5221 342 5295 auique
352 5226 482 5279 nostrum
492 5223 521 5278 15
532 5223 764 5280 solemnitatibus
774 5224 941 5280 sanctorum
952 5222 1048 5293 placa·
1096 5217 1324 5276 tercentiooibus
1340 5217 1476 5291 55155555
1490 5233 1550 5276 555
1566 5216 1688 5286 desistit,
1698 5204 1886 5288 (1155551111-

239 5311 308 5369 biiia
320 5314 380 5369 Deo
404 5312 509 5370 offerre
524 5331 656 5377 munera,
673 5316 703 5370 et
712 5314 759 5371 cui
774 5313 854 5370 deest
869 5312 931 5368 auri
947 5314 991 5368 rel
1004 5328 1049 5368 ar·
1098 5326 1163 5365 mus
1175 5309 1308 5365 uniuersa
1322 5324 1387 5381 quae
1396 5303 1764 5380 deipsiuslaudeadiversis
1777 5293 1883 5392 auctori·

238 5400 319 5474 geuti
333 5401 417 5474 copia
429 5403 535 5460 saltem
550 5402 711 5460 devotionis
724 5400 1046 5476 praetendatobsequia,
1097 5399 1150 5456 bre
1163 5385 1884 5472 sparsimdescriptasuntsummatiminunumroilr

237 5487 342 5546 tundat
353 5503 454 5563 preces
468 5492 506 5548 ad
519 5491 688 5561 Bominum,
701 5495 734 5548 ut
749 5505 832 5546 suum
844 5489 899 5544 rite
910 5488 1047 5561 dignetur
1096 5503 1176 5560 gere,
1192 5491 1221 5544 et
1234 5485 1316 5561 quasi
1331 5485 1480 5562 quoddam
1500 5499 1607 5543 manas
1624 5487 1734 5540 555155
1745 5471 1882 5538 resumtis,

237 5581 388 5662 acceptare
402 5582 511 5642 votum.
529 5581 564 5640 Bt
575 5583 766 5660 quemnemo
774 5579 810 5638 sit
819 5591 936 5658 555555
948 5577 1044 5637 lousaia
1096 5575 1127 5691 ip
1137 5573 1290 5653 5155555515
1303 5571 1692 5652 55155551151155155155551,
1702 5573 1799 5634 nmen
1810 5561 1882 5628 111111
