3882 6170
111 357 154 414 ur
721 343 913 406 cotiaeum
936 345 1102 404 chuerum
1686 351 1738 408 478

112 475 256 544 debuerant,
270 486 318 526 eos
333 471 455 528 vastant.
468 470 553 526 Patet
567 487 667 526 rerum
681 469 764 542 copia
779 466 887 524 cunctis
897 477 926 537 A
938 467 1024 523 cartis
1038 467 1116 523 horis
1131 465 1309 523 orationibus
1323 465 1464 536 insistere,
1481 470 1549 523 ante
1568 468 1654 524 buras
1668 484 1737 526 cou-

111 561 219 620 hostibus
233 557 346 632 praedae,
363 575 416 613 nec
431 562 536 629 parant
551 561 653 616 saltem
669 561 712 614 vel
730 557 822 614 rerbis
837 557 887 612 ob·
938 572 1025 626 grues
1044 571 1103 610 non
1129 557 1244 627 gustare
1265 555 1372 611 cibum.
1392 555 1440 611 Va
1459 558 1530 611 enim
1552 562 1637 624 tera,
1663 559 1739 630 cujac

110 652 182 716 siant,
196 652 224 703 ut
237 647 379 715 resistant,
396 647 445 720 qui
461 666 489 703 se
504 653 607 722 putant
621 665 680 704 non
688 649 752 721 jam
767 647 887 703 advoca·
937 662 984 700 rea
994 652 1031 700 est
1037 661 1116 716 puer,
1132 651 1157 700 et
1171 647 1248 716 cujus
1256 647 1389 717 principes
1402 645 1737 720 monecomeduntfficcie.

109 742 153 804 tos,
166 736 210 791 sed
231 735 372 804 dominos,
399 735 468 790 dum
489 739 554 808 post
577 739 740 792 abscessum
760 735 884 790 bostium
937 751 965 802 x,
983 733 1035 804 ie).
1050 735 1114 788 ilaec
1134 734 1216 805 regni
1239 736 1460 806 prosperitatem
1485 733 1514 790 in
1539 736 1675 807 praesenti
1698 737 1739 792 fa·

109 827 259 882 consumunt
279 823 420 896 quidquid
441 825 527 880 luerit
547 826 705 893 residuum,
721 827 803 896 juxta
817 824 887 879 illud
938 823 1027 890 ciunt,
1044 823 1186 896 stragem
1202 822 1377 878 adcoelestia
1395 840 1486 895 regna
1500 823 1621 880 meliora
1635 826 1739 896 perdu-

106 913 282 988 propheticum
297 929 304 967 :
318 912 465 968 Restituam
485 932 570 969 erucae
595 916 705 970 comedit
732 915 840 980 locristo,
862 918 887 966 et
936 915 1014 966 cunt.
1032 933 1046 960 »

105 1003 216 1059 residuum
230 1001 454 1057 tocnstaecomeua
463 1003 583 1072 trocleas,
594 1003 731 1074 statuat.
745 1021 763 1066 1,
775 1002 813 1076 4).
830 1003 884 1057 De-

105 1093 174 1165 nique
186 1089 289 1146 idcirco
304 1090 434 1146 uidemus
450 1094 582 1148 ecclesias
597 1093 765 1159 destructas,
783 1109 885 1147 mona·
972 1089 1043 1145 Cum
1058 1089 1134 1162 regis
1148 1089 1341 1148 ministerium
1356 1091 1393 1146 sit
1410 1093 1497 1147 totius
1519 1091 1602 1164 regni
1624 1091 1738 1164 penitus

103 1178 545 1252 steriaquedamdiruta,quaedam
556 1181 593 1236 ad
601 1198 746 1236 summam
757 1181 885 1252 inopiam
936 1178 1054 1250 negotia
1069 1178 1220 1248 discutere,
1237 1197 1273 1236 ne
1289 1181 1357 1254 quid
1372 1181 1456 1236 ineis
1476 1183 1565 1236 lateat
1577 1179 1734 1252 injustitiae,

102 1271 272 1341 redactaque
280 1267 886 1343 bonorumrirorumeleemosynaaliquan.
935 1270 1083 1340 quomoda
1101 1269 1138 1324 ad
1150 1273 1233 1325 tanta
1245 1269 1353 1342 poterit
1361 1271 1523 1338 subsistere,
1534 1269 1589 1324 nisi
1604 1287 1735 1326 annuen-

101 1359 129 1414 do
140 1359 292 1414 floruerunt
306 1357 337 1413 in
352 1375 458 1430 magna
475 1359 577 1430 gloria,
589 1360 657 1432 quia
669 1359 751 1416 multi
768 1361 885 1414 scultro
937 1357 1013 1412 tibus
1023 1357 1164 1430 episcopis
1182 1361 1210 1414 et
1220 1359 1394 1430 primoribus
1408 1360 1512 1432 regni?
1526 1361 1560 1413 Et
1579 1376 1644 1415 cum
1659 1362 1736 1433 Apo·

100 1447 232 1502 offerentes
245 1447 298 1502 sub
322 1446 517 1502 advocationis
534 1449 665 1516 obtentu,
681 1447 717 1503 de
731 1447 884 1522 posscssio-
937 1447 1025 1502 stolus
1037 1446 1112 1502 dicat
1121 1463 1128 1502 t
1137 1446 1225 1503 Deum
1238 1449 1334 1516 timete,
1348 1463 1433 1518 sepem
1441 1449 1611 1518 honorificate
1624 1447 1650 1521 (l
1659 1449 1735 1513 Petr.

99 1537 174 1602 nibus,
193 1536 227 1591 de
253 1535 425 1602 redditibus,
452 1535 488 1591 de
512 1537 704 1592 oblationibus
728 1538 885 1594 maximam
937 1551 967 1602 ιι,
980 1535 1035 1607 Π),
1047 1538 1224 1607 quaratione
1235 1535 1277 1591 sui
1296 1537 1447 1592 ministerii
1461 1537 1535 1592 vices
1552 1536 1694 1592 exercebit
1709 1536 1738 1591 in
1807 1592 1810 1598 ,

98 1625 239 1697 portionem
254 1623 454 1697 intercipiunt,
471 1641 558 1697 quam
579 1625 766 1680 ecclesiastici
782 1643 885 1699 capere
936 1625 1151 1680 contumacium
1168 1624 1300 1696 persidia,
1312 1625 1334 1679 si
1349 1626 1375 1679 ei
1385 1625 1528 1697 primores
1539 1625 1622 1698 regni
1635 1625 1738 1681 auritio

98 1712 245 1769 debuerant.
262 1713 345 1768 Unde
360 1715 392 1768 ut
406 1713 470 1768 talis
485 1714 672 1786 praesumptio
696 1718 829 1780 cessaret,
846 1715 886 1770 ita
937 1715 967 1766 et
980 1714 1100 1768 concilio
1116 1730 1175 1768 non
1191 1714 1346 1769 exhibeant
1361 1713 1491 1768 debitum
1506 1715 1649 1770 honorem
1674 1730 1740 1769 cum

97 1804 192 1856 mulum
206 1804 248 1856 est
262 1800 295 1856 in
310 1800 430 1857 concilio
445 1802 593 1871 Africano,
605 1819 667 1874 cap.
683 1805 727 1858 64.
745 1823 761 1858 a
775 1803 886 1859 Placuit
898 1798 924 1858 B
936 1800 1016 1855 omui
1025 1799 1266 1875 reverentia‘ilpse
1277 1802 1356 1858 enim
1367 1805 1443 1857 sotus
1454 1820 1512 1858 non
1522 1801 1626 1858 suflicit
1636 1801 1673 1858 ad
1682 1817 1743 1858 em·

96 1891 166 1944 etiam
178 1893 206 1944 ut
219 1892 324 1962 petant
338 1907 372 1945 ex
387 1890 506 1946 nomine
521 1891 736 1964 provinciarum
751 1893 884 1948 omnium
935 1887 985 1944 nia
995 1889 1079 1961 regni
1094 1889 1184 1944 utilia.
1196 1890 1304 1946 idcirco
1319 1890 1536 1962 partitoinaliis
1551 1907 1650 1960 onere,
1666 1907 1738 1964 quos

96 1977 163 2049 legati
176 1977 347 2049 perrecturi,
361 1977 529 2034 Vincentius
544 1983 572 2034 et
588 1979 781 2048 Fortunatius,
794 1999 811 2036 a
823 1982 885 2053 glo·
934 1975 1037 2048 dignos
1053 1977 1143 2032 credit
1158 1979 1280 2045 honore,
1296 1979 1486 2035 honorandus
1499 1981 1542 2033 est
1557 1981 1586 2032 et
1599 1978 1660 2050 ipsc
1680 1978 1737 2034 sin·

95 2066 234 2122 riesissirnis
248 2067 489 2140 imperatoribus,
506 2071 537 2123 ut
552 2068 622 2123 dent
645 2068 812 2124 facultatem
829 2071 879 2124 de·
933 2066 1321 2139 ceradevotione,nequisei
1332 2067 1738 2138 contradicatquomodocun·

94 2153 200 2211 teusmes
214 2155 413 2212 constituendi
426 2155 621 2225 scholasticos,
634 2157 682 2229 qui
698 2159 728 2212 in
741 2151 807 2213 actu
816 2161 885 2212 sunt
934 2170 1000 2226 que,
1017 2153 1084 2227 quia
1098 2158 1147 2228 qui
1154 2158 1282 2227 potestati
1296 2159 1402 2224 resistit,
1417 2155 1470 2210 Dei
1493 2156 1659 2210 ordinationi
1671 2157 1736 2210 resi-

95 2245 127 2298 rel
139 2243 164 2298 in
177 2261 300 2300 munere
322 2244 498 2300 defensionis
516 2260 679 2313 causarum,
696 2249 727 2308 ut
743 2263 825 2302 mora
840 2263 883 2301 sa·
931 2245 978 2298 stit
988 2243 1076 2316 (Rom.
1093 2261 1153 2312 xm,
1168 2245 1223 2317 12).
1238 2244 1386 2317 Siquidem
1399 2249 1431 2301 ut
1446 2245 1548 2300 melius
1564 2249 1606 2300 est
1621 2261 1679 2300 non
1689 2262 1738 2301 ro-

1148 1001 1191 1056 lV.
1207 1033 1242 1044 -
1254 1003 1296 1058 De
1319 1001 1445 1075 fidelitate
1464 1005 1540 1074 repis,

94 2332 222 2388 cerdotum
235 2332 395 2406 provinciae
414 2332 443 2388 id
463 2332 528 2404 ipsi,
544 2333 593 2405 qui
609 2333 809 2390 defensionem
835 2353 881 2391 ec·

94 2421 221 2476 etesiarum
238 2422 432 2494 susceperint,
448 2422 752 2478 habeantiacultatem
766 2441 819 2496 pro
830 2441 880 2480 ne·

93 2509 160 2579 guttis
174 2511 371 2578 ecclesiarum,
386 2509 498 2582 quoties
519 2512 672 2568 necessitas
697 2513 879 2585 flagitaverit,

92 2597 124 2650 rel
138 2598 169 2654 ad
184 2599 383 2656 obsistendum
399 2599 613 2673 obrepentibus,
624 2602 712 2657 velad
721 2604 881 2660 necessaria

933 2347 998 2387 vere
1012 2349 1098 2406 quam
1115 2337 1180 2404 post
1195 2339 1292 2390 votum
1307 2352 1366 2390 non
1381 2333 1564 2402 reddere‚ita
1577 2332 1680 2389 melius
1693 2337 1736 2388 est

932 2421 1065 2476 electioni
1075 2421 1214 2495 principis
1223 2440 1283 2478 non
1299 2425 1476 2479 subscribere
1491 2440 1578 2495 quam
1589 2425 1654 2494 post
1667 2422 1735 2478 sub·

932 2509 1119 2583 scriptionem
1133 2512 1256 2566 electum
1273 2515 1461 2567 contemnere
1478 2513 1520 2566 vel
1545 2511 1733 2585 proscribere,

931 2601 1203 2673 quandoquidemin
1214 2603 1304 2658 altero
1318 2602 1457 2658 libertatis
1467 2617 1549 2657 amor
1559 2597 1735 2667 laudatur,in

931 2688 1023 2743 altero
1035 2689 1428 2762 serviliscontumaciaprobo
1436 2689 1599 2746 datur.Tres
1607 2703 1734 2762 namque

931 2776 1085 2832 electiones
1093 2779 1244 2850 generales
1254 2779 1394 2842 novimus,
1408 2795 1529 2852 quarum
1540 2795 1598 2834 una
1606 2780 1648 2833 est
1657 2776 1734 2849 regis

930 2865 973 2918 vel
989 2864 1181 2937 imperatoris,
1196 2868 1286 2921 altera
1300 2867 1453 2937 pontificis,
1469 2867 1553 2921 tertia
1569 2865 1689 2921 abbatis.
1699 2865 1734 2919 Et

92 2688 258 2758 suggerenda
274 2687 389 2760 ingredi
402 2688 532 2758 judicum
548 2690 710 2745 secretaria.
727 2711 741 2740 »

265 2777 314 2831 Ill.
331 2808 365 2816 —
379 2775 420 2831 De
440 2779 585 2832 ministerio
606 2780 683 2849 repis.

116 2861 401 2928 Qualeministerium
419 2865 550 2938 regissit,
562 2867 660 2938 etipse
675 2867 812 2923 suiofficii
827 2885 880 2927 no-

88 2949 264 3024 mineprodit,
276 2955 879 3028 ettotiusregnisusceptacurainnotescit;
930 2951 1056 3023 primam
1072 2954 1191 3025 quidem
1207 2955 1275 3009 facil
1296 2955 1451 3010 c⁰n⁰⁰rdl³
1466 2955 1551 3009 l0l511⁵
1572 2953 1671 3025 regni?
1688 2969 1732 3006 ⁸⁰·

87 3055 128 3094 nec
141 3041 228 3114 magis
244 3043 308 3098 ulla
330 3044 474 3098 sententia
497 3043 627 3100 animum
649 3045 726 3116 regis
750 3047 785 3101 ad
805 3047 879 3102 bene
894 3052 917 3114 c
930 3043 1055 3097 caudam
1071 3060 1137 3098 vero
1154 3043 1330 3098 unanimitas
1344 3044 1448 3098 civium
1463 3047 1490 3098 et
1504 3043 1594 3111 cleri;
1615 3041 1732 3096 tertiam

88 3129 214 3198 agendum
225 3131 445 3204 subrigitquam
459 3131 638 3188 diversorum
648 3134 813 3208 principum
825 3137 879 3190 cle·
928 3131 1023 3185 sanius
1033 3131 1605 3205 consiliumcoenobialiscongregationis
1616 3133 1650 3185 Et
1660 3146 1731 3185 uua·

86 3218 400 3293 mentiapropnsitasub
413 3221 562 3293 exemplis,
579 3222 646 3294 quia
661 3223 877 3280 ctCoustaniini
928 3236 1049 3292 quaeque
1061 3238 1179 3293 nonpro
1190 3222 1333 3277 secularis
1344 3222 1477 3277 amicitiae
1491 3221 1584 3293 gratia
1598 3221 1642 3275 vel
1664 3235 1730 3293 pre·

87 3301 251 3374 imperatoris
267 3310 461 3364 mansuetudo
476 3311 610 3366 laudatur
619 3311 694 3366 inter
708 3313 877 3368 dissidentes
927 3307 1162 3375 ti0,sedadsuam
1175 3312 1388 3382 professionem
1401 3328 1453 3384 pro
1465 3310 1655 3382 sapientiavel
1665 3309 1731 3364 vitae

86 3391 226 3467 episcopos,
241 3397 418 3452 ethnicismi
431 3413 505 3468 pura
519 3399 833 3456 fidesintcrhaereticos
848 3405 877 3456 et
927 3397 1042 3451 merito.
1061 3399 1149 3454 Porro
1163 3400 1312 3455 ordinatus
1328 3418 1376 3455 rex
1392 3401 1427 3455 ab
1453 3400 1588 3455 omnibus
1611 3396 1732 3453 subditis

86 3481 875 3561 orthodoxosSeddcexternisquidloquor,ctloquendo
927 3485 1015 3539 iidem
1032 3485 1085 3541 sibi
1107 3493 1288 3544 sacramento
1302 3491 1399 3562 exigit,
1421 3507 1457 3544 ne
1477 3490 1506 3543 in
1524 3489 1666 3560 aliquibus
1685 3503 1731 3542 re-

85 3563 291 3642 immoror,eum
301 3573 337 3628 ad
349 3575 594 3647 dispensationem
607 3577 770 3649 reipublicae
787 3582 815 3632 et
825 3579 877 3632 uti.
927 3574 976 3646 gni
990 3575 1032 3629 sui
1049 3576 1154 3632 finibus
1168 3579 1309 3634 discordia
1323 3578 1457 3651 generari
1477 3579 1575 3650 possit.
1593 3577 1664 3631 ilinc
1679 3577 1731 3630 ba·

85 3654 374 3716 litatemecclesiarum
385 3663 661 3734 tantaiueritpietas
677 3680 709 3718 ac
723 3665 877 3735 prudentia
927 3663 977 3718 bes
990 3664 1127 3736 scriptum
1152 3667 1182 3720 in
1206 3668 1327 3722 coneilio
1351 3669 1488 3723 Toletano
1510 3684 1557 3721 iv:
1575 3689 1588 3717 a
1601 3667 1668 3722 Post
1685 3666 1731 3720 in·

86 3741 199 3814 derelict
207 3751 259 3806 filii
272 3751 335 3822 ejus
347 3751 501 3807 ludovici?
520 3751 602 3807 Certe
612 3753 726 3825 utrique
738 3770 789 3825 pro
803 3757 876 3810 tem·
927 3751 1025 3807 stituta
1035 3756 1166 3824 quaedam
1177 3756 1355 3809 ecclesiastici
1367 3756 1475 3810 ordinis
1485 3757 1526 3810 vel
1539 3757 1731 3826 decretaque

83 3845 139 3901 pore
149 3855 178 3896 ac
190 3840 309 3896 ratione
319 3843 459 3896 noverant
471 3857 590 3912 parcere
598 3843 767 3912 subjectiset
777 3842 875 3898 debel-
927 3840 963 3894 ad
974 3843 1168 3912 quorumdam
1180 3844 1732 3915 pertinen[disciplinampostremono·

83 3918 130 3977 lare
143 3929 292 4000 superbos.
306 3929 433 3985 Undeex
446 3929 536 3998 libris,
555 3929 604 4002 qui
629 3948 662 3984 ex
680 3931 809 3986 conciliis
833 3933 875 3987 sui
926 3930 969 3984 bis
988 3932 1096 3985 cunctis
1112 3933 1310 3988 sacerdotibus
1323 3934 1465 3987 sententia
1480 3937 1522 3987 est
1545 3950 1598 4004 pro
1624 3934 1729 3987 robore

82 4011 202 4084 temporis
214 4017 313 4073 ellecti
327 4019 650 4090 suntcumsubjectione
663 4019 874 4091 episcoporum,
926 4023 1093 4075 nostrorum
1108 4039 1210 4090 regom
1227 4025 1255 4075 ct
1269 4023 1422 4076 stabilitate
1448 4023 1542 4094 gentis
1565 4020 1729 4093 pontificale

84 4105 262 4170 quantaiacile
273 4110 318 4161 est
328 4107 634 4179 reperiri‚erpressum
652 4109 726 4166 libro
741 4127 770 4178 n,
782 4125 845 4181 cap,
862 4115 871 4166 i

85 4186 351 4264 (Caecilianam),
363 4199 427 4266 post
442 4197 539 4268 aliqua
555 4215 561 4251 :
580 4221 593 4248 «
609 4198 721 4252 lustitia
735 4199 811 4270 regis
823 4203 875 4274 est,

84 4279 215 4338 nominem
228 4284 339 4356 injuste
347 4286 568 4358 perpotentiam
578 4287 756 4360 opprimere,
766 4289 878 4344 sincae-

927 4108 1063 4163 ultimum
1079 4110 1129 4163 sihi
1143 4113 1201 4165 lieo
1212 4111 1307 4181 judice
1322 4111 1396 4164 terre
1413 4109 1731 4164 decretumllultarum

928 4197 1033 4268 quippe
1042 4199 1183 4268 gentium,
1195 4203 1227 4253 ut
1247 4199 1325 4253 lama
1341 4205 1392 4262 est,
1406 4202 1486 4252 tauta
1505 4201 1597 4252 exstat
1608 4197 1731 4269 persidia

929 4287 1104 4354 animorum,
1120 4290 1150 4341 ut
1165 4288 1252 4341 sidem
1267 4293 1447 4342 sacramento
1464 4287 1638 4359 promissam
1652 4285 1728 4358 regi·

82 4367 877 4448 cephoncpersnnarumintersirumetprorimumsuum
889 4347 915 4405 D
928 4375 980 4429 bus
996 4375 1052 4429 suis
1068 4391 1180 4430 servare
1196 4378 1397 4440 contemnant,
1413 4377 1730 4447 etoresimulentjura-

80 4449 200 4526 judicare,
214 4462 337 4516 advenis
354 4467 382 4518 et
401 4463 518 4536 pupillis
543 4466 572 4518 et
584 4465 676 4520 viduis
692 4467 876 4522 defensorem
927 4464 1017 4518 menti
1033 4465 1330 4537 professionem,dum
1346 4466 1474 4520 retinent
1488 4469 1586 4520 mente
1603 4465 1730 4535 perfidiae

81 4555 138 4612 ease,
152 4546 227 4605 turta
243 4550 392 4618 cohibere,
411 4552 552 4608 adulteria
567 4553 682 4625 punire,
694 4555 874 4628 iniquosnon
926 4551 1117 4626 impietatem.
1132 4555 1234 4608 iurant
1258 4555 1374 4626 regibus
1395 4555 1462 4622 suis,
1479 4557 1507 4610 et
1529 4555 1618 4610 fidem
1643 4571 1731 4627 quarn

82 4633 873 4717 exaltare,impudicosethistrionesnonnutrire,impios
924 4642 1731 4717 pollicentur,praevaricant,necmetuuntvolumenillud

81 4717 108 4814 dp
118 4725 187 4780 terra
196 4728 492 4803 perdere‚parricidas
501 4733 697 4805 etpejerantes
707 4733 800 4788 vivere
812 4750 871 4789 non
919 4732 1021 4802 judicii
1033 4733 1094 4802 Dei,
1106 4750 1158 4806 per
1169 4733 1399 4807 quodindncitur
1411 4733 1730 4806 maledictiomultaque

81 4817 168 4878 unere,
181 4815 317 4872 ecclesias
339 4817 500 4888 defensare,
517 4837 659 4893 pauperes
682 4822 871 4896 eleemosynis
920 4821 1732 4896 paenarumcomminatiosupereosquijurantinnomine

83 4893 162 4968 alere3
169 4901 265 4972 justos
276 4921 362 4976 snper
371 4907 455 4978 regni
465 4909 776 4980 negotiaconstituere,
790 4927 871 4968 senes
922 4909 1037 4966 Domini
1049 4912 1238 4967 mendaciter.
1249 4912 1486 4985 Quaeigiturspes
1498 4913 1603 4968 talibus
1616 4912 1731 4985 populis

82 4987 870 5072 elsapientcsetsobrioscansiliarioshabere‚magorum
923 5001 1493 5073 contrahosteslaborantibuserit‘iqnoe
1503 5002 1730 5057 iidesultracum

81 5073 103 5126 tl
118 5075 293 5138 hariolorum
312 5085 604 5160 pythonissarumque
620 5088 871 5162 superstitionibus
923 5089 987 5145 aliis
1002 5089 1137 5162 gentibus
1152 5089 1182 5144 in
1198 5105 1269 5162 pace
1284 5090 1457 5147 credenda?
1476 5091 1554 5165 quod
1566 5091 1659 5148 loedus
1671 5107 1731 5148 non

81 5165 293 5260 nupiutendere,
304 5171 484 5231 iracundiam
495 5176 872 5248 ditierre,patriamtortiter
921 5177 1107 5234 violandum?
1118 5178 1220 5250 quaein
1234 5179 1362 5234 hostibus
1373 5181 1471 5251 jurata
1484 5181 1599 5255 sponsio
1614 5195 1732 5252 perma-

80 5252 647 5335 etiusteeontraadrersariosdetendere3
660 5267 824 5338 peremnia
838 5267 868 5324 in
920 5267 1013 5336 nebit,
1028 5267 1145 5340 quando
1161 5284 1215 5322 nec
1240 5267 1309 5341 ipsis
1322 5269 1446 5342 propriis
1468 5269 1585 5342 regibus
1601 5270 1729 5342 juratam

80 5336 126 5395 Deo
139 5344 241 5418 virere,
257 5352 494 5424 prosperitatibus
515 5365 573 5410 nen
595 5357 706 5412 elevare
724 5357 865 5428 animum,
918 5359 1007 5414 fldem
1024 5356 1224 5413 conservant?
1237 5358 1301 5431 quis
1309 5359 1386 5414 enim
1401 5359 1473 5414 adeo
1480 5358 1603 5416 furiosus
1617 5365 1670 5428 est,
1681 5369 1729 5431 qui

80 5435 164 5490 wacta
180 5436 301 5494 adversa
313 5439 459 5512 patienter
479 5441 568 5512 ferre,
586 5443 675 5500 fidem
695 5447 865 5504 catholicam
917 5445 1003 5516 caput
1015 5461 1100 5500 suum
1116 5463 1206 5502 mann
1227 5447 1346 5521 propria
1364 5447 1498 5504 desecet?
1510 5447 1564 5519 llli,
1581 5451 1612 5506 ut
1627 5448 1728 5504 notum

79 5517 194 5580 uncum
202 5525 402 5600 bubene,filios
413 5547 479 5590 suos
490 5548 549 5590 uon
561 5532 655 5592 sinere
667 5533 757 5610 impie
766 5551 863 5610 agera,
916 5539 971 5608 est,
985 5535 1176 5598 immemores
1188 5538 1288 5598 salutis
1302 5555 1370 5610 sue,
1384 5538 1504 5614 poprie
1518 5535 1729 5608 municipes
