3952 6176
99 322 148 384 ese
484 313 729 381 canimenos
745 319 775 379 e.
788 307 966 380 eruentem
979 321 1070 380 crem
1084 309 1167 383 noo.
1187 321 1300 383 -nn
1315 313 1350 382 u.
1699 326 1757 393 'aas

98 449 216 523 quidem
232 447 344 524 ignium
359 451 450 526 portis
458 451 618 525 ingerebat,
634 449 825 508 hostiliarero
840 450 936 512 telae
951 445 1099 523 Siquidem
1110 450 1755 530 Gnidonemnontantumorationisquantum

97 543 176 594 retro
192 541 307 613 agebat.
322 541 451 614 Cumque
463 540 562 613 ignem
576 541 783 606 convalescere,
789 538 898 611 Jacula·
951 537 1194 609 dissimulationis,
1210 542 1291 614 quasi
1303 543 1502 616 nesciretque
1517 562 1535 600 a
1550 545 1609 602 illio
1621 561 1757 618 gereren-

98 643 151 698 que
166 644 221 682 sua
235 629 265 684 in
278 628 392 684 irritum
401 629 504 684 cadere
513 627 651 702 oppidani
661 629 825 694 cernerent,
840 626 899 683 ior·
949 630 1007 696 tur,
1023 627 1257 700 gratia,Rcmam
1278 631 1440 702 proiectum
1471 634 1759 692 morbnsadeoritili-

98 715 241 771 midinem
254 716 358 772 animis
367 717 529 786 induentes,
541 718 680 772 introrsus
696 717 807 789 fugere.
818 715 901 772 Sedi-
949 714 1025 787 ginis
1040 715 1197 772 debilitavit
1212 723 1244 773 ut
1253 735 1312 774 non
1320 720 1402 776 aliter
1410 737 1498 794 quam
1506 722 1646 778 inlectica
1659 724 1696 779 ad
1704 739 1757 781 sua

98 803 176 858 tineis
186 803 337 860 ecclesiam
353 805 527 878 petentibus,
543 806 633 861 nostri
647 823 665 860 a
676 809 759 876 tergo
774 820 900 876 sequun·
950 803 1065 874 regredi
1083 805 1201 862 valeret.
1210 805 1357 863 Giraldum
1378 825 1445 864 vero
1472 809 1595 866 obtentu
1623 811 1756 883 ejusdem

97 896 142 945 tur
154 892 305 958 attentius,
316 893 451 966 caesisque
462 895 492 948 in
503 893 623 950 introitu
633 895 724 966 portae
735 891 900 964 aliquantis,
950 891 1142 949 simulationis
1149 893 1227 965 apud
1237 892 1559 968 Pictaviumdegentem
1574 901 1603 955 st
1618 899 1660 955 rei
1668 915 1755 957 even·

96 995 145 1034 eos
159 979 212 1050 qni
226 979 375 1035 basilicam
394 980 532 1052 petebant
554 981 785 1048 insectabantur;
801 980 902 1052 inqua
951 983 1013 1035 turn
1049 983 1276 1052 praestolantem,
1302 982 1383 1038 lerox
1410 1001 1502 1058 equus
1532 987 1678 1043 mordicus
1705 1003 1758 1060 per

97 1069 261 1122 nontutam
274 1055 720 1143 sibilatebramloreanspicatus
728 1068 900 1135 Ademarus,
950 1083 1053 1124 coxam
1068 1073 1228 1141 arreptum,
1253 1085 1307 1142 per
1332 1071 1445 1145 aliquot
1468 1073 1529 1130 dies
1556 1076 1630 1131 lecto
1651 1075 1757 1132 cubare

96 1155 201 1210 turrim
209 1156 337 1228 ligneam
346 1156 382 1212 de
390 1173 447 1230 qua
456 1156 539 1228 signa
547 1157 760 1231 dependebant,
771 1172 838 1212 cum
854 1171 902 1211 sex
951 1156 1057 1229 coegit.
1073 1157 1253 1214 Hildebertus
1271 1174 1387 1232 qnoque
1402 1162 1681 1234 argentomagensis
1691 1165 1757 1233 [Bo-

94 1241 775 1301 factionissuaesociistormidolosusconscendit.
783 1244 825 1300 lbi
833 1260 903 1316 quo·
953 1260 1010 1299 scio
1022 1246 1167 1318 Argensis]
1180 1246 1287 1314 incole,
1300 1247 1386 1319 lxqjus
1407 1247 1541 1305 iectionis
1551 1249 1679 1323 signiter,
1707 1251 1757 1324 qni

95 1331 295 1400 quesetatere
310 1331 551 1405 possediiildens,
566 1337 643 1388 tecta
659 1349 741 1388 more
753 1331 903 1387 architecti
953 1332 1032 1403 pacis
1046 1333 1159 1390 medios
1168 1335 1391 1408 palamquidem
1403 1335 1555 1393 videbatur
1565 1338 1758 1408 iore,occnlte
1787 1410 1792 1418 Ι

96 1419 331 1489 perambulabat,
341 1422 434 1477 donec
442 1422 478 1476 ab
489 1421 608 1493 lingone
617 1421 666 1494 qui
677 1418 902 1477 studiosiusreli-
953 1424 1051 1476 autern
1066 1423 1263 1493 proditionem
1276 1424 1382 1493 alebat,
1394 1424 1462 1497 igne
1477 1423 1575 1482 divino
1590 1427 1621 1482 in
1641 1427 1759 1484 maxilla

97 1508 161 1579 quis
178 1525 249 1564 eum
263 1508 465 1581 investigabat,
481 1509 566 1578 risus,
582 1513 666 1580 pacta
681 1509 745 1564 vitae
760 1525 793 1564 ac
808 1523 902 1562 mem·
953 1509 1079 1579 adustus,
1110 1512 1260 1584 usquead
1288 1511 1366 1568 diem
1386 1527 1444 1569 sure
1466 1513 1569 1571 mortis
1594 1515 1759 1572 incurabilis

97 1597 219 1650 brorum
235 1598 388 1653 securitate
409 1601 509 1670 captus
529 1601 582 1654 est.
608 1597 679 1654 Cum
702 1613 759 1669 quo
774 1596 902 1668 quinque
952 1600 1154 1669 perseverarit,
1169 1599 1257 1669 itaut,
1271 1603 1757 1676 consumptacarne,deutesspecio

98 1685 726 1757 commanipularesexeminentioribustenti
736 1685 901 1755 sunt,llug0
951 1683 1107 1740 miserabili
1120 1685 1368 1742 nudarentur.Pcr
1377 1688 1477 1744 omnia
1491 1690 1660 1747 benedictus
1672 1693 1756 1759 Deus,

98 1774 231 1830 videlicet
244 1775 510 1831 actrchembaldus
520 1776 555 1831 de
567 1774 864 1842 Bnciacc,Rninardns
873 1775 902 1827 et
916 1771 999 1842 Bqui
1015 1772 1069 1829 sihi
1083 1773 1277 1846 beneplacitos
1289 1774 1402 1831 assidue
1415 1777 1551 1834 mirificat
1561 1783 1685 1838 sanctos.

95 1863 248 1918 Amerinus
259 1864 350 1919 irater
362 1865 432 1936 ejus,
443 1863 493 1920 lllii
504 1863 749 1935 lleldegariihaud
766 1861 901 1934 ignobilis
1271 1863 1384 1919 CAPUT
1392 1865 1435 1920 Vl.

96 1951 147 2006 riri
168 1952 457 2024 Argentomagensis,
478 1955 564 2024 atque
587 1951 717 2007 Giraldus
734 1950 900 2018 Tirinensis,
968 1947 1100 2006 Adensnrr'
1113 1958 1229 2006 rostrum
1244 1951 1377 2010 dirutum.
1392 1953 1488 2027 liquos
1502 1963 1607 2028 eputeo
1629 1957 1739 2016 educare

95 2039 137 2094 his
151 2039 290 2112 exceptis,
304 2057 377 2113 quos
401 2043 450 2096 aut
475 2041 573 2096 nrinor
585 2040 725 2112 potentia,
741 2043 791 2094 aut
805 2039 902 2094 minus
989 2039 1032 2092 tt.
1051 2037 1123 2103 Ouia
1137 2040 1304 2096 verosemel
1317 2041 1636 2118 Aquitaniamingressi
1645 2063 1755 2116 sumus,

96 2129 208 2197 pollens
219 2127 257 2182 de
271 2127 823 2202 nobilitateparentumsanguisnostrce
834 2127 902 2182 sub·
952 2141 1012 2181 non
1027 2125 1064 2181 ab
1085 2143 1117 2182 re
1132 2143 1193 2183 esse
1203 2128 1325 2197 ridetur,
1352 2130 1376 2184 si
1401 2130 1443 2185 rei
1457 2134 1546 2203 geste
1571 2133 1756 2202 miraculum,

96 2216 181 2270 traxit
197 2216 319 2284 notitiae,
332 2233 456 2288 quorum
472 2233 609 2273 numerus
630 2218 666 2272 ad
691 2217 793 2290 viginti
816 2221 845 2272 et
867 2233 901 2272 eo
952 2214 1031 2286 quod
1045 2215 1117 2272 ordo
1132 2233 1283 2274 causarum
1306 2219 1447 2291 superiori
1462 2221 1560 2292 paucis
1575 2223 1756 2280 elabentibus

93 2303 465 2376 ampliusinissereiertum
478 2306 544 2378 equi
559 2305 635 2378 capti
647 2322 769 2360 numero
785 2308 901 2360 rentum
952 2303 1035 2357 annis
1049 2305 1212 2374 subnexuit,
1235 2307 1477 2365 enarraverimus.
1490 2308 1607 2380 Captus,
1622 2313 1654 2366 ut
1670 2327 1756 2384 snpra

91 2393 325 2465 riginu,protar
339 2394 444 2466 eosqui
462 2395 505 2449 vel
527 2394 821 2451 avictoribuslurtim
834 2394 900 2449 snb·
952 2389 1061 2446 dictum
1085 2395 1138 2461 est,
1159 2394 1322 2450 ademarus
1353 2395 1390 2450 ab
1412 2395 1543 2468 lingone,
1571 2396 1609 2452 ad
1630 2402 1756 2454 matrum

92 2481 184 2544 ducti,
198 2481 447 2554 velarictisiuga
475 2482 530 2538 sibi
558 2483 773 2538 consulentibus
785 2479 901 2537 abducti
951 2478 1076 2535 Bruccire
1089 2479 1229 2536 deductus
1240 2481 1292 2538 est.
1303 2482 1335 2537 ld
1349 2481 1482 2540 Giraldus
1494 2484 1613 2556 quidam
1626 2485 1756 2558 partibus

90 2573 176 2639 sunt,
194 2570 328 2644 equibus
342 2573 371 2625 et
382 2570 537 2626 multitudo
552 2570 677 2626 hostiurn
686 2569 782 2642 colligi
795 2569 899 2641 potuit,
949 2565 1050 2622 iavens
1073 2568 1276 2626 ademarianis
1302 2571 1431 2640 tenebat,
1457 2573 1576 2628 exclusis
1598 2573 1756 2631 lectoribus

89 2659 522 2731 etrirtussupernnpariterque
529 2659 801 2715 excellentissimum
808 2657 900 2714 Patris
948 2654 1130 2721 [fautoribus]
1143 2658 1281 2730 ilugonis,
1299 2657 1348 2730 qui
1362 2663 1477 2731 partem
1488 2661 1619 2732 ejusdem
1626 2661 1755 2720 castriab

90 2747 243 2802 benedicti
259 2747 395 2804 meritum
409 2747 560 2804 evidenter
574 2749 702 2820 agnosci,
718 2748 796 2821 quod
806 2765 824 2802 a
837 2749 899 2802 tarn
948 2743 1093 2801 Ademaro
1105 2745 1159 2801 sidi
1169 2751 1345 2821 praereptam
1360 2764 1420 2804 non
1435 2749 1757 2825 mediocriterindigna·

89 2837 193 2908 paucis
205 2838 368 2893 exercitatae
379 2837 490 2893 militiae
513 2839 579 2894 viris
594 2837 748 2894 adversarii
763 2837 852 2908 copiis
867 2853 899 2892 ac
949 2832 1045 2887 batur.
1062 2833 1193 2906 Denique
1214 2835 1353 2891 eumdem
1365 2837 1514 2908 juvenem,
1540 2854 1627 2912 quem
1638 2843 1755 2912 captum

86 2929 200 2980 natura
211 2925 317 2980 muniti
332 2924 387 2981 loci
401 2927 462 2981 tam
471 2925 554 2982 facile
565 2926 622 2982 sint
634 2925 846 3000 superati.lllud
855 2926 899 2980 ni·
948 2919 1085 2988 habebat,
1101 2937 1117 2977 e
1129 2921 1250 2994 regione
1266 2939 1428 2992 murorum,
1445 2925 1522 2981 unde
1535 2942 1553 2981 a
1576 2927 1634 2982 suis
1648 2927 1756 2985 intueri

89 3014 253 3069 bituminus
271 3014 365 3086 gratia
381 3014 432 3070 Dei
451 3015 577 3086 gratuita
591 3015 673 3071 nobis
684 3016 821 3072 collatum
837 3031 898 3071 cre·
911 3063 935 3124 G
950 3012 1056 3080 posset,
1073 3009 1175 3066 deduci
1187 3011 1584 3085 precipiens,interminatus
1593 3019 1673 3072 estse
1692 3017 1755 3089 ejus

87 3103 191 3157 dimus
204 3102 284 3175 quod
297 3102 424 3158 hostium
438 3103 557 3175 triginta
572 3104 711 3160 militibus
725 3103 895 3178 peremptis,
949 3101 1036 3169 caput
1046 3097 1250 3167 abscissurum,
1262 3099 1293 3154 ni
1309 3103 1456 3158 maturato
1467 3101 1523 3158 sibi
1543 3103 1754 3162 munitionibus

86 3195 262 3246 nostrorum
277 3205 365 3246 nemo
379 3193 481 3247 saltem
494 3194 658 3248 vulneratus
674 3196 726 3261 esi,
743 3192 834 3248 tribus
849 3209 897 3247 ex·
949 3185 1095 3242 cederent.
1111 3185 1174 3251 Qua
1183 3203 1229 3242 res
1236 3187 1384 3244 Giruidttm
1391 3193 1421 3246 el
1433 3205 1482 3245 eos
1495 3189 1545 3263 qui
1560 3189 1637 3248 inlus
1658 3197 1754 3264 erant,

86 3282 194 3356 ceptis,
207 3299 282 3338 unas
296 3281 428 3338 videlicet
436 3280 728 3338 militaribusdedtms
736 3281 897 3354 stipendiis,
948 3274 1074 3347 grener
1093 3275 1258 3347 perterruit
1294 3277 1422 3333 maxime
1448 3277 1578 3334 videntes
1601 3279 1755 3339 dominum

86 3373 142 3445 qui
156 3369 258 3426 lethali
269 3372 386 3441 accepto
400 3369 519 3426 vulnere
533 3368 695 3443 adpropria
709 3370 825 3426 rediens
839 3371 899 3428 rita
948 3379 1031 3418 suum
1046 3379 1112 3418 cum
1127 3364 1331 3421 totexercitate
1345 3364 1457 3421 militiae
1467 3367 1594 3440 egregiis
1603 3367 1753 3428 bellatori·

85 3461 225 3528 decessit,
239 3477 272 3516 ac
287 3459 344 3514 duo
370 3458 552 3530 agriculture
577 3459 672 3529 potius
687 3475 775 3532 quam
789 3459 898 3516 bellicis
948 3450 1104 3507 bussubita
1115 3468 1214 3508 rerum
1229 3453 1415 3510 conversione
1430 3454 1586 3526 dejectum.
1599 3456 1681 3515 Unde
1692 3476 1752 3518 non

85 3545 410 3620 relinquensque
425 3562 491 3601 cum
506 3546 758 3603 astronomus
772 3547 899 3604 nomint·
947 3541 1041 3595 solum
1054 3540 1204 3614 oppidum,
1217 3541 1268 3597 sed
1283 3542 1410 3599 etiumse
1425 3559 1534 3617 suaque
1551 3545 1753 3606 omniacmti

85 3636 232 3692 busiama
246 3633 617 3707 praeliiexciti,auxiliatum
628 3635 732 3690 nostris
747 3641 897 3703 venerant3
948 3626 1096 3684 dedidere.
1111 3630 1193 3701 Hugo
1216 3631 1325 3703 potitus
1344 3634 1450 3701 castro,
1466 3631 1571 3688 turrim
1590 3649 1655 3706 quae
1680 3636 1754 3708 juris

87 3725 162 3781 dum
176 3724 302 3780 nimium
313 3722 422 3795 rapine
436 3722 563 3791 student,
576 3722 720 3780 incertum
735 3724 847 3780 arceiis
860 3742 898 3780 an
947 3715 1085 3771 Ademari
1098 3716 1185 3772 tuisse
1209 3717 1371 3786 videbatur,
1386 3719 1541 3776 confestim
1557 3721 1655 3778 diruit.
1670 3724 1754 3784 Juxta

86 3815 126 3870 ab
140 3813 289 3870 extraneis
314 3811 483 3884 interempti
507 3814 583 3868 sunt.
609 3813 668 3869 lloc
691 3811 789 3886 itaque
809 3814 898 3870 modo
948 3819 1014 3860 0²11]
1027 3804 1152 3860 cisterna
1161 3807 1225 3860 erat
1252 3806 1290 3860 cd
1305 3805 1481 3878 colligendas
1505 3808 1645 3867 imbrium
1664 3828 1753 3885 aquas

88 3907 220 3959 castrum
237 3903 315 3957 intra
325 3905 434 3957 sextam
445 3900 501 3955 diei
517 3918 574 3974 quo
585 3902 713 3972 primum
723 3901 897 3958 ihiadrene·
949 3891 1061 3962 0ff⁰³⁸³2
1076 3891 1270 3966 quadstssfflifl
1285 3894 1414 3967 (1⁰1¹quss
1426 3899 1456 3950 θῑ
1466 3911 1501 3951 0⁰
1521 3895 1752 3968 &mpliutcllbilis

87 3997 157 4048 rant
168 3988 596 4062 horamreceptumncstrisque
605 3989 750 4047 redditum
758 3993 811 4060 est,
820 4007 897 4050 anno
947 3979 976 4036 5¹³
990 3979 1292 4054 Pl⁰f¹¹¹¹d¹¹fflll²t⁰⁰ffi

89 4077 305 4138 incarnationis
318 4077 476 4134 Dominicee
488 4077 651 4134 millesimo.
984 4073 1028 4129 20.
1042 4071 1126 4126 Forte
1138 4073 1204 4142 post
1217 4068 1336 4144 aliquod
1346 4070 1486 4143 temporis
1504 4073 1629 4145 spatium
1644 4076 1701 4134 duo
1716 4095 1751 4136 ex

126 4175 174 4226 ¹7.
195 4167 232 4222 Et
243 4183 281 4223 ne
292 4167 355 4238 quis
366 4166 489 4222 estimet
502 4169 615 4222 tantam
630 4166 781 4224 victoriam
802 4168 899 4226 homi.
947 4159 1084 4216 fratribus
1095 4158 1200 4216 nostris
1212 4159 1289 4232 apud
1315 4163 1512 4217 memoratum
1538 4165 1629 4220 sancti
1657 4167 1751 4226 Patris

90 4275 166 4314 num
181 4255 279 4329 potins
288 4254 386 4311 virtuti
394 4271 482 4328 quarn
491 4253 594 4311 diune
605 4255 708 4312 ascribi
726 4256 831 4314 debere
841 4259 898 4314 lar·
949 4248 1094 4305 Benedissfi
1108 4247 1224 4304 S³l0ss³²
1237 4246 1632 4324 m⁰¹¹⁸⁸¹⁰¹²i¹¹ffld⁰80¹¹fib¹1³2
1643 4255 1751 4314 miliia·

92 4345 213 4418 gitioni,
229 4345 302 4399 sciat
315 4343 443 4415 ipsorum
459 4342 542 4399 nobis
564 4343 705 4399 relatione
720 4345 899 4402 adversorio-
910 4353 938 4416 1)
949 4340 986 4395 tis
996 4338 1433 4411 monasteriigratia,praeletum
1440 4339 1750 4413 dagonemltrucciam

92 4451 161 4490 rum
176 4435 325 4505 uulgatum
334 4429 490 4504 eosrigore
500 4431 540 4488 ita
555 4431 706 4489 destitutos
715 4435 757 4502 nt,
771 4435 900 4507 quamvis
948 4430 1018 4484 tunc
1030 4429 1207 4484 incolentem
1217 4427 1370 4498 adierunt,
1384 4429 1421 4485 ob
1436 4430 1750 4507 cujuscolloquiumsu-

92 4525 222 4579 telorum
240 4519 430 4592 senlepidum
445 4520 522 4575 mole
532 4519 680 4576 abundare
694 4527 898 4593 secernerent,
948 4517 1065 4591 periore
1086 4515 1173 4572 turris
1198 4519 1342 4590 petentes,
1369 4516 1453 4574 binos
1473 4534 1562 4592 equos
1585 4523 1751 4583 retinaculis

92 4615 208 4667 nullam
231 4614 329 4666 tamen
347 4607 506 4664 efficaciam
529 4607 560 4663 iu
576 4607 711 4680 jaciendo
731 4609 785 4665 sibi
805 4611 899 4668 inesse
948 4604 1749 4680 sibimstconnexosininterioribusreliquerimt.ltorum

92 4701 249 4756 sentirent.
265 4698 378 4752 Animae
393 4712 508 4769 quoque
522 4701 741 4770 peremptorum
756 4703 898 4757 nocturno
948 4711 1022 4751 unus
1036 4693 1140 4768 quietis
1152 4693 1318 4767 impatiens,
1328 4692 1399 4749 dum
1413 4694 1469 4750 huc
1487 4695 1610 4772 illucque
1625 4702 1750 4758 errando

91 4785 379 4861 temporeineadem
385 4785 452 4840 vitta
458 4785 636 4857 quiescentes
642 4785 775 4842 homines
781 4805 898 4846 somnos
947 4783 1058 4840 socium
1072 4779 1171 4850 trahit,
1188 4783 1336 4852 postrema
1344 4781 1474 4854 corporis
1485 4787 1567 4855 parte
1582 4785 1750 4861 insuperius

91 4892 235 4949 rumpere
244 4874 399 4946 sepissime
414 4873 568 4945 cogebant,
585 4873 720 4930 flebiliter
734 4875 897 4935 oberrando
948 4872 1132 4929 nominatam
1140 4869 1295 4926 cisternam
1310 4869 1428 4938 labitur,
1439 4887 1491 4926 nec
1504 4873 1622 4930 atterim
1636 4893 1691 4950 opo
1699 4878 1712 4951 j
1717 4897 1750 4938 u.

91 4966 282 5021 inclimantes
294 4978 325 5017 se
334 4961 453 5017 miseras
469 4961 531 5016 lore
543 4959 634 5034 iesse),
645 4977 710 5034 que
720 4965 897 5023 excellentis-
947 4962 1008 5018 vari
1017 4960 1186 5034 valuitquin
1196 4959 1232 5014 ed
1242 4958 1365 5014 fundum
1376 4969 1465 5032 usque
1474 4959 1750 5027 decideret.Glamor

92 5053 163 5110 simi
179 5052 271 5109 Patris
283 5049 428 5106 Benedicti
440 5065 487 5104 res
498 5049 655 5122 pervadere
671 5067 730 5106 non
744 5051 899 5112 dubitavis-
947 5051 1023 5107 illico
1035 5048 1210 5104 intuentium
1220 5047 1424 5119 oritureqnum
1434 5049 1644 5107 monachorum
1658 5053 1688 5110 in
1698 5073 1751 5129 pu-

92 5147 172 5198 sent.
947 5143 1028 5196 teum
1043 5153 1105 5194 esse
1116 5139 1240 5208 lapsum.
1256 5135 1406 5190 Tumultus
1415 5145 1531 5192 causam
1539 5138 1749 5210 flugosollicite

132 5235 179 5287 re.
194 5231 251 5287 Nec
265 5229 356 5287 Guido
363 5229 477 5302 genitor
483 5228 630 5298 ademari,
640 5229 699 5285 sive
709 5231 797 5287 ctiam
808 5231 898 5290 Giral·
947 5223 1185 5301 perquiressbtlbi
1197 5223 1381 5296 dafflflfllsspssi
1393 5223 1527 5280 &ssimfllss
1537 5226 1749 5296 reperibvehe·

93 5321 152 5376 dus
164 5319 255 5376 irater
268 5319 339 5392 ejus,
362 5319 503 5391 patrimus
522 5319 587 5390 jam
609 5317 677 5374 dicti
698 5319 898 5391 adolescentis,
949 5319 1064 5372 menter
1077 5311 1210 5381 indoluit,
1226 5311 1304 5384 qnod
1315 5312 1346 5367 hi
1365 5313 1414 5386 qui
1427 5329 1495 5368 eum
1510 5312 1643 5370 visitandi
1655 5319 1748 5389 gratia

93 5407 534 5475 immunesmiseriarumiusre3
543 5406 738 5462 rerumsecuti
747 5407 900 5481 participes
949 5405 1081 5462 adierant
1087 5400 1223 5458 monachi
1239 5407 1330 5474 (aeger
1344 5402 1451 5475 quippe
1464 5403 1549 5472 erat),
1561 5407 1749 5488 tqntenxtnis-

93 5499 164 5568 ejus
177 5497 256 5552 tuere
266 5495 435 5564 consilii,sic
450 5493 798 5568 quoquc,1teijustissima
805 5497 900 5570 dispo-
949 5497 1013 5550 sent
1026 5490 1101 5565 pessi
1110 5491 1266 5562 jacturam.
1279 5492 1379 5563 ltaque
1394 5489 1475 5545 uxori
1488 5489 1615 5563 imperat
1624 5497 1666 5564 nt,
1680 5513 1747 5553 ero·

94 5587 191 5644 nente
212 5581 403 5662 procidentia,
425 5582 620 5658 periculorum
642 5582 723 5642 tuere
741 5588 898 5646 consortes.
950 5582 1021 5639 catis
1031 5582 1172 5656 juvenum
1182 5577 1400 5650 robustioribus,
1408 5576 1562 5638 wmiuccis
1575 5581 1643 5657 eqni
1660 5584 1774 5683 coda·x
