3862 6170
259 385 307 446 ou
748 383 935 447 roriconis
957 387 1114 451 uoniam
1139 388 1397 457 uoissuornsrs
1566 361 1570 364 ’
1826 409 1865 470 ru

259 501 572 564 suntreducenda.Non
586 522 636 564 vos
649 503 770 567 illiciant
784 510 986 568 blandimenta
1000 518 1104 578 inu-n
1119 515 1203 573 saria.
1219 519 1336 577 Munera
1350 522 1438 580 etiam
1464 521 1588 600 plurima
1605 524 1632 582 et
1648 538 1743 600 equum
1757 527 1867 588 relocata.

258 597 374 665 lierum,
391 613 449 652 non
465 597 651 668 parvulorum
666 597 776 670 vagitus
786 603 958 656 exterreant.
987 602 1063 658 Licet
1116 620 1209 674 mum,
1220 623 1308 679 quam
1322 611 1439 667 amabat
1454 611 1618 685 plurimum,
1630 614 1768 670 transmisit
1778 633 1818 672 rex
1829 634 1868 690 par

259 684 428 757 gentilitatis
443 701 541 741 errore
563 687 733 742 tenerentur
758 688 848 743 nostri
863 693 1006 762 parentes,
1021 708 1064 746 ar·
1114 691 1225 763 legatos
1252 696 1290 751 ad
1314 698 1392 753 beati
1412 700 1525 756 ldartini
1553 701 1698 769 basilicam,
1717 706 1742 757 et
1759 705 1793 758 ait
1810 705 1867 762 illis:

258 780 312 837 mis
324 784 354 837 et
369 777 475 832 vicibus
490 776 628 831 domuere
644 776 834 846 superposui
850 794 912 845 nos,
926 779 975 851 qui
985 779 1065 834 Chri·
1113 799 1127 831 ι
1154 779 1225 837 Cum
1246 782 1368 856 ingressi
1393 786 1503 844 fueritis
1527 789 1602 844 beati
1624 789 1673 844 viri
1695 792 1838 860 oratorium,
1849 797 1871 849 et

258 876 335 930 stum
348 869 470 925 adorare
480 865 544 937 jam
557 864 706 933 coepimus,
728 865 777 937 qui
793 866 854 936 ejus
868 866 998 923 laudibus
1013 870 1063 925 de·
1114 873 1212 925 nostra
1229 888 1351 930 munera
1366 877 1613 948 praesentaveritis,
1631 877 1756 950 quidquid
1773 881 1868 938 ecclesia

260 962 402 1018 lactamur
416 957 445 1012 et
466 952 599 1009 amicitiis
626 953 760 1020 fruimur,
775 954 954 1027 condignum
981 957 1063 1012 valde
1113 960 1214 1014 cantor
1228 960 1356 1030 primum
1382 981 1431 1020 ore
1447 964 1679 1038 pronuntiaverit,
1695 967 1812 1022 mandato
1824 986 1869 1023 mo·

258 1054 291 1106 ut
304 1043 503 1116 inimicosejus
519 1058 619 1098 exosos
630 1041 797 1097 habeamus.
812 1043 883 1097 Ecce
907 1043 1062 1100 Galliarum
1113 1047 1224 1116 morie,
1236 1053 1268 1104 ut
1280 1049 1351 1106 mihi
1365 1052 1532 1109 renuntiare
1544 1053 1643 1108 sciatis.
1656 1053 1771 1109 Forsitan
1782 1055 1871 1128 aliquod

255 1140 371 1212 partem
387 1132 555 1198 maximam,
572 1145 660 1202 quam
686 1129 870 1201 Aquitaniam
897 1131 1061 1202 nominant,
1111 1133 1239 1193 victoriae
1251 1138 1368 1211 signum
1384 1157 1419 1196 ex
1431 1143 1530 1197 sancto
1546 1157 1675 1197 sermone
1686 1141 1795 1215 capietis.
1809 1165 1820 1192 «
1838 1143 1872 1198 llis

256 1225 379 1300 populus
391 1219 525 1286 infidelis,
540 1217 624 1274 Gothi
637 1217 768 1299 videlicet
793 1218 942 1288 insensati,
959 1236 1060 1275 crueu-
1112 1221 1203 1292 dictis,
1221 1227 1312 1282 oravit
1324 1228 1361 1283 ad
1376 1228 1544 1298 bominum,
1555 1233 1584 1284 et
1596 1229 1648 1285 ait:
1659 1251 1672 1280 «
1683 1227 1710 1285 Si
1722 1237 1758 1293 tu,
1768 1229 1871 1297 homine,

255 1316 318 1370 tare
328 1312 471 1368 videntur.
489 1305 542 1371 Qui
555 1322 606 1378 per
619 1304 758 1361 Arionem
774 1306 944 1379 pravitatem
957 1308 1060 1364 Filium
1111 1316 1228 1382 gentem
1241 1314 1317 1369 hanc
1330 1315 1510 1372 incredulam
1519 1315 1591 1371 mihi
1605 1315 1756 1383 tradideris,
1770 1318 1795 1370 et
1809 1315 1874 1370 victo.

256 1419 274 1458 a
288 1404 372 1457 Patre
388 1399 590 1469 separant,nec
603 1394 880 1466 Spiritumsanctum
891 1412 958 1451 eum
977 1399 1061 1452 Patre
1111 1399 1223 1456 riamin
1234 1403 1611 1476 manibusmeisviderism
1620 1403 1874 1473 dederis],etadjntor

256 1489 367 1546 ⁰iffili⁰
381 1486 524 1558 aeqffilflm
546 1482 725 1538 dilifliiflissffl
741 1483 848 1538 habffl'e
867 1484 1005 1552 fatentur,
1034 1489 1063 1541 ei
1112 1490 1493 1561 etprotectorinbellomihi
1510 1492 1693 1560 exstiteris,in
1705 1491 1876 1562 ingressubasi·

254 1598 308 1657 per
321 1579 376 1633 hoc
392 1573 500 1629 inimici
524 1570 575 1626 Dei
593 1587 654 1626 esse
679 1571 915 1644 comprobantur.
931 1571 1013 1637 Quod
1039 1573 1063 1628 si
1112 1576 1174 1632 licae
1183 1578 1279 1634 Sancti
1288 1579 1399 1635 Martini
1407 1579 1590 1636 talianostris
1598 1579 1689 1653 pueris
1697 1579 1875 1634 audireoontin·

253 1685 312 1726 uno
328 1665 425 1722 animo
442 1659 535 1716 verbis
551 1659 655 1715 nostris
668 1675 818 1715 assensum
829 1659 963 1716 dederitis
975 1665 1003 1715 et
1012 1677 1063 1717 ros
1113 1665 1876 1741 gatinquibusaliquodeiotoriaesignumdeprehendam,

255 1773 288 1814 er
302 1751 422 1810 nomina
438 1749 601 1805 Christiano
621 1749 672 1803 Dei
688 1748 795 1803 amicos
811 1765 872 1804 esse
887 1753 1064 1805 monstrave·
1113 1758 1142 1809 et
1163 1771 1335 1828 cognoscam
1351 1757 1418 1829 quia
1431 1760 1464 1813 tu
1478 1757 1620 1830 propitius
1639 1756 1724 1812 fueris
1737 1755 1800 1811 mihi
1817 1770 1876 1809 servo

253 1844 327 1910 ritis,
343 1855 454 1896 sursum
475 1841 588 1894 dextras
603 1837 716 1910 erigite,
741 1839 770 1892 et
792 1837 828 1892 ad
853 1839 1062 1894 conterendum
1077 1821 1174 1909 Beue,
1190 1863 1204 1892 »
1221 1843 1336 1899 Dimisit
1349 1845 1447 1917 itaque
1462 1861 1578 1917 pueros,
1594 1850 1622 1901 ep
1633 1843 1768 1900 abierunt·
1779 1844 1878 1914 Cumque

254 1931 395 2006 P⁰P¹¹¹¹¹¹¹¹
423 1926 570 1983 iflffllioeffi
596 1924 707 1998 gladi⁰³
732 1925 827 1980 felices
851 1926 967 1994 emite,
1008 1927 1063 1981 mi·
1112 1931 1309 2002 pervenissent
1329 1934 1364 1989 ad
1385 1934 1550 2007 ingressum
1571 1934 1702 2001 basilicae,
1721 1931 1812 1988 emissa
1829 1947 1879 1985 roca

254 2038 309 2079 nus
334 2022 434 2076 cautos
459 2015 547 2072 armis
573 2017 602 2069 et
628 2014 878 2069 adhortationibus
904 2015 987 2070 bonis
1018 2016 1062 2071 in·
1113 2024 1214 2075 cantor
1227 2023 1444 2094 pronuntiabat,
1462 2023 1579 2078 dicens:
1596 2021 1760 2078 Prcrinaistr'
1776 2037 1818 2086 me,
1840 2018 1879 2072 120.

252 2109 363 2166 struite.
380 2105 465 2162 ”abii
487 2104 548 2177 ipse
563 2118 617 2174 Plo
641 2104 719 2157 celis)
734 2100 897 2170 Victoriam,
917 2103 965 2174 qui
981 2120 1064 2159 men·
1113 2110 1297 2178 minnotriute
1305 2111 1461 2178 cribellatum
1475 2112 1656 2184 supplantasti
1671 2113 1816 2179 truurpentes
1824 2110 1845 2161 tn
1852 2121 1881 2160 mr

251 2202 295 2254 tes
310 2199 417 2252 vestras
429 2209 478 2249 suo
502 2191 589 2246 cultui
608 2187 759 2245 dedicavit.
789 2190 912 2245 Felicem
940 2193 1063 2248 Romam
1112 2197 1205 2252 subtus
1224 2215 1275 2265 me,
1290 2205 1315 2252 et
1342 2200 1464 2254 inimicos
1488 2216 1558 2254 meos
1577 2199 1673 2254 dedisti
1684 2197 1882 2260 mitidorsan,et

254 2285 358 2342 divitiis
372 2282 482 2355 pariter
496 2283 525 2334 et
543 2279 679 2335 libertato
695 2277 886 2347 nudaverunt,
913 2295 967 2334 nec
982 2280 1065 2335 nobis
1114 2284 1227 2340 odientes
1238 2304 1279 2341 me
1296 2287 1483 2358 desperdidistr'.
1505 2287 1616 2344 Oblatis
1630 2288 1725 2359 itaque
1738 2284 1882 2347 muneribus,

253 2374 351 2429 ffii¹¹⁰f
367 2369 460 2444 8101'53
472 2367 631 2440 parabitur,
646 2365 668 2420 δί
686 2381 787 2437 00300]
800 2382 900 2421 ‘mrum
926 2366 1064 2423 f⁰l⁰ssi³³i·
1114 2376 1143 2427 et
1157 2376 1273 2430 oraculo
1289 2374 1385 2430 divino
1401 2375 1568 2444 confortati,
1587 2365 1653 2431 cum
1672 2373 1765 2430 laetitie
1776 2375 1801 2428 et
1817 2370 1886 2425 ossul-

253 2477 335 2517 mum
351 2457 486 2514 bollando
497 2455 825 2525 vicerimus,etregnum
844 2454 998 2528 ejusatque
1009 2456 1065 2512 lor·
1113 2461 1223 2517 tatione
1238 2461 1274 2517 ad
1288 2463 1735 2530 domiuumsuumsuntreversi,
1746 2465 1838 2516 etcum
1851 2457 1887 2511 lali
1916 2479 1917 2482 ¹

252 2555 356 2606 tunam
370 2548 476 2602 nostrie
504 2541 607 2598 ditioni
619 2541 834 2612 subjecerimus.
853 2564 866 2592 η
881 2543 966 2614 Regis
996 2561 1063 2617 pru.
1114 2549 1374 2605 „ungoreflciunp
1391 2552 1608 2607 mundaverant
1623 2554 1692 2607 tunc
1710 2544 1888 2622 uquaepraeni·

254 2637 384 2694 dentiam
398 2649 501 2689 ⁰¹11¹10⁵
509 2629 1063 2703 pariteramplecteremurnostratem
1114 2637 1233 2694 mistate
1241 2639 1415 2710 pluviarum;
1425 2642 1453 2693 et
1467 2639 1591 2695 Vieenus
1605 2639 1708 2695 fluvius
1720 2633 1888 2692 intantumeri

253 2723 447 2790 0001οῑ000ῑοοι
462 2723 490 2776 Fi
504 2719 593 2774 fldem
608 2718 703 2790 P⁰ii¹¹⁵
729 2722 914 2776 Fenertssiur·
945 2722 1064 2776 Uestras
1114 2728 1242 2782 creverat
1258 2730 1289 2782 ut
1303 2726 1417 2798 penitus
1436 2727 1562 2782 inveniri
1578 2745 1638 2783 nou
1650 2727 1745 2800 posset
1763 2725 1830 2780 locus
1846 2734 1888 2792 quo

254 2829 356 2870 omnes
370 2811 400 2867 in
416 2808 538 2864 sublime
553 2806 678 2878 erigunt,
688 2807 858 2863 mandatum
868 2807 1063 2880 regisaccele·
1079 2811 1081 2814 ’
1113 2813 1174 2869 sine
1185 2814 1299 2886 navigio
1311 2815 1484 2871 transmeari
1499 2819 1606 2888 posset.
1624 2816 1685 2881 Quo
1700 2831 1764 2869 cum
1778 2807 1890 2885 pervenis-

255 2901 314 2958 00οῙ
329 2898 512 2964 denuntiant,
527 2911 645 2967 0050000
658 2895 729 2951 votis
751 2897 907 2969 stringunt,
924 2899 954 2951 et
966 2896 996 2952 ni
1015 2915 1064 2952 su·
1112 2905 1210 2957 satrex
1227 2903 1340 2958 etultra
1350 2902 1487 2976 progredi
1498 2900 1812 2972 nonvalerot,teotoria
1824 2896 1890 2968 figere

255 2991 405 3064 peresaeut
419 2982 867 3058 infideles‚barhasnonamplius
881 3001 943 3040 esse
957 2986 1062 3041 radon·
1112 2990 1250 3063 praecepit
1276 2994 1308 3045 ut
1323 2992 1367 3046 vel
1389 2994 1509 3064 pontem
1537 2994 1692 3062 sterneret,
1708 2991 1751 3046 vel
1774 2985 1891 3056 navigium

254 3074 555 3150 d⁸⁵Pf⁰fi²⁰¹¹i¹ffiN⁰⁰
565 3073 1061 3144 ΠΜ0900000105001οῑ0οῑ00001,
1076 3109 1100 3170 C
1113 3079 1291 3150 praepararet
1305 3095 1362 3151 quo
1378 3078 1449 3134 illud
1464 3097 1546 3152 aquae
1561 3079 1702 3136 diluvium
1717 3093 1779 3134 eum
1793 3071 1891 3129 exercitu

254 3163 636 3240 praepararijubetursexus
652 3163 773 3233 uterque
786 3161 888 3216 adtale
902 3163 1061 3234 negotium.
1113 3167 1289 3238 pertransire
1315 3167 1443 3223 deberet.
1469 3167 1590 3224 Sustulit
1628 3170 1707 3224 hunc
1720 3165 1839 3222 laborem
1855 3157 1890 3214 llei

255 3253 368 3312 Parvuli
378 3253 521 3308 ducuntur
535 3251 564 3304 et
576 3251 694 3315 matres,
709 3251 738 3303 et
751 3249 852 3304 evulsis
868 3254 897 3305 et
912 3250 1063 3306 eradicatis
1114 3255 1204 3309 nostri
1215 3255 1374 3322 miseratio,
1388 3259 1417 3312 ct
1428 3255 1460 3312 in
1471 3256 1517 3311 die
1545 3257 1674 3313 crastina
1700 3253 1831 3310 matutina
1846 3249 1892 3319 jam

257 3342 365 3400 aculeis
392 3338 525 3395 hereticae
548 3335 706 3409 pravitatis,
734 3336 900 3391 inserantur
924 3339 1062 3395 virtutum
1113 3343 1175 3398 luce
1190 3343 1301 3411 diflusa,
1318 3361 1508 3400 eceecervam
1532 3345 1618 3400 mirae
1632 3338 1829 3417 magnitudinis
1840 3332 1894 3391 emi·

257 3429 374 3496 Surculi,
392 3433 421 3483 θῑ
432 3425 546 3481 miella
560 3423 700 3495 01010ῑᾶ00
716 3422 841 3478 fluctum
858 3425 983 3481 Domino
995 3442 1062 3482 cen·
1114 3447 1167 3484 nus
1182 3432 1385 3503 conspicantur
1401 3449 1465 3504 quse
1480 3434 1558 3489 leuto
1575 3450 1678 3505 gressu
1693 3444 1805 3486 amnem
1817 3427 1852 3480 est
1863 3423 1894 3476 in-

255 3517 384 3591 tuplicet,
402 3530 488 3587 quem
517 3512 682 3567 adinventio
713 3511 790 3567 foeda
810 3513 1002 3569 fraudaverat.
1019 3516 1063 3571 Ad
1113 3533 1219 3588 gressa,
1236 3523 1265 3574 et
1280 3536 1337 3592 quo
1354 3519 1475 3574 transire
1490 3520 1597 3576 debeat
1613 3520 1740 3593 populus
1754 3512 1847 3572 anima}
1863 3509 1894 3563 in.

253 3607 316 3661 haec
331 3603 428 3676 regina
442 3598 596 3657 Crethildis
610 3598 735 3653 nimium
746 3599 905 3656 exhilarata
919 3602 1064 3672 gaudebat
1113 3605 1203 3660 scium
1225 3608 1296 3663 nutu
1323 3607 1420 3663 divino
1442 3608 1637 3663 demonstrat.
1665 3609 1723 3662 Nec
1754 3615 1896 3660 moracuu·

252 3693 282 3748 in
298 3691 433 3757 Domino,
449 3687 642 3760 etplaudebat
654 3687 799 3758 quodiam
810 3688 966 3761 pretiosam
978 3691 1062 3746 sobo·
1112 3694 1320 3748 ctusexercitus
1335 3711 1453 3750 amnem
1470 3695 1595 3763 transiit,
1608 3698 1638 3751 et
1652 3711 1719 3750 cum
1735 3690 1817 3750 animi
1828 3686 1896 3758 tripu·

253 3784 313 3839 lem
328 3796 380 3853 per
391 3777 568 3851 baptismum
588 3775 731 3831 obtulerat
743 3775 883 3838 Creatori,
899 3794 962 3849 quse
973 3779 1061 3834 etiam
1113 3779 1159 3835 dio
1170 3781 1323 3836 Dominum
1334 3783 1498 3853 gloritlcant
1513 3784 1541 3837 in
1557 3784 1689 3850 excelsis,
1700 3783 1749 3855 qui
1758 3773 1898 3836 utlsraeliti·

252 3868 412 3930 infidelium
427 3868 550 3932 mentes,
567 3880 637 3935 quas
652 3879 753 3919 vomer
772 3865 978 3922 ecclesiasticus
1007 3869 1063 3923 sul·
1112 3883 1178 3923 cum
1189 3871 1327 3942 populum
1339 3887 1391 3940 per
1404 3871 1638 3940 mareliubrum,
1654 3872 1694 3927 ita
1707 3873 1737 3926 et
1750 3871 1897 3924 Francorum

252 3975 318 4015 care
334 3974 393 4013 nou
411 3958 535 4028 poterat,
552 3951 640 4008 armis
652 3952 790 4007 edomare
806 3953 984 4010 decerneret.
1008 3958 1062 4010 Ac·
1112 3958 1250 4028 populum
1259 3956 1539 4028 perinundationem
1550 3961 1628 4016 tansi
1646 3957 1849 4016 fluminisviam
1863 3947 1900 4005 mi-

252 4047 338 4106 00³⁵ii
348 4046 439 4117 igliur
456 4043 493 4098 ad
509 4057 620 4111 regom,
638 4042 667 4094 Fi
681 4039 723 4095 aii
736 4039 813 4094 illst«
828 4041 912 4110 Audi,
930 4044 1060 4110 ⁰b⁵0⁰1⁸⁰‚
1112 4044 1241 4099 rabiliter
1254 4045 1563 4102 ostendendotransire
1576 4049 1727 4122 proecepit.
1739 4045 1790 4112 Qui
1803 4036 1898 4098 cumli-

253 4135 376 4192 Domissss
390 4131 431 4187 mi
445 4147 506 4192 rex,
533 4128 669 4184 ancillam
684 4130 775 4197 tuam,
799 4131 828 4183 et
847 4129 918 4200 jube
935 4132 1062 4187 construi
1112 4135 1224 4186 ctavam
1237 4131 1434 4204 pervenissent
1454 4133 1490 4190 ad
1515 4135 1634 4202 urbem,
1651 4137 1741 4208 louge
1758 4133 1792 4188 ab
1806 4123 1900 4185 ecclesia

253 4223 403 4280 ecclesiam
417 4220 447 4274 in
469 4219 612 4273 honorem
637 4215 713 4270 beati
729 4215 805 4270 Petri
830 4217 966 4290 principis
994 4235 1061 4291 apo·
1112 4219 1207 4274 Sancti
1230 4220 1464 4276 llilariitentorio
1479 4221 1569 4294 ligera
1595 4222 1737 4295 praecepit
1759 4219 1898 4275 ctodonus.

253 4311 406 4370 stolorum,
420 4309 452 4360 ut
462 4304 513 4360 tibi
529 4303 564 4359 sit
579 4301 767 4358 auxiliatorin
782 4304 868 4372 bello,
888 4308 916 4360 et
931 4306 1059 4375 profecto
1112 4309 1146 4362 Et
1158 4308 1351 4362 comminatus
1374 4313 1416 4364 est
1432 4309 1512 4364 omni
1531 4313 1656 4384 populo,
1678 4328 1715 4366 ne
1731 4311 1760 4366 in
1774 4309 1901 4380 ipsopago

252 4397 339 4453 faciei
354 4394 494 4451 Dominus
508 4391 659 4447 victoriam
681 4390 710 4444 in
725 4391 860 4446 manibus
887 4393 951 4448 tuis.
969 4415 983 4442 »
999 4395 1061 4450 Pla·
1073 4381 1100 4440 D
1111 4396 1234 4468 spolium
1246 4396 1364 4467 alicujus
1375 4397 1614 4466 auferrent,neve
1631 4398 1795 4472 diriperent
1810 4393 1899 4447 domos,

253 4485 312 4542 cuit
327 4498 423 4539 sermo
451 4481 561 4552 regium
577 4479 607 4534 in
623 4479 711 4534 oculis
736 4479 880 4548 Clodovei,
896 4485 925 4536 et
951 4484 1060 4538 elevata
1110 4499 1169 4538 nou
1185 4499 1290 4555 pecora
1310 4485 1519 4555 praedarentur,
1536 4503 1591 4542 nec
1605 4487 1758 4558 stipendia
1772 4483 1850 4538 etiam
1864 4489 1902 4548 per

253 4575 380 4646 bipenne
397 4586 485 4642 quam
509 4585 598 4622 manu
618 4567 747 4638 gerebat,
764 4567 865 4623 adnisu
880 4586 936 4641 quo
967 4571 1060 4641 potuit
1110 4571 1276 4626 violentiam
1302 4576 1447 4645 raperent.
1485 4575 1594 4630 Eadem
1626 4592 1697 4631 vero
1720 4577 1801 4629 nocte
1819 4569 1903 4642 phanis

254 4661 376 4737 Plssjsscit
391 4674 456 4714 0³¹ss
472 4673 489 4711 0
503 4674 545 4722 se,
559 4659 589 4710 ei
601 4655 658 4710 ³52³
673 4677 687 4706 “
699 4656 731 4709 1¹1
745 4657 799 4711 000
814 4657 887 4725 Ι000,
907 4658 1059 4731 adjuvante
1109 4660 1210 4732 igneus
1225 4661 1306 4732 quasi
1330 4661 1365 4716 da
1381 4661 1544 4734 sepulcroS.
1562 4663 1667 4720 llilarii
1678 4661 1777 4737 egredi
1786 4659 1851 4714 visus
1863 4654 1903 4715 est,

254 4751 390 4815 Domino,
407 4747 435 4803 S.
453 4744 530 4802 Petri
539 4743 700 4799 stabilietur
710 4744 839 4812 ecclesia,
851 4761 918 4800 curn
934 4749 1058 4820 epraelio
1109 4751 1233 4819 etsuper
1244 4748 1380 4803 Clodovei
1395 4748 1555 4806 tentorium
1570 4757 1630 4823 p'er
1647 4750 1799 4807 dimidiam
1811 4741 1905 4800 perego.

148 4865 156 4876 ,
252 4841 343 4897 victor
366 4853 495 4893 reversus
519 4833 611 4889 fuero.
633 4853 647 4883 u
661 4833 745 4889 llovil
767 4834 864 4906 itaque
889 4836 1057 4914 exercitum,
1109 4853 1172 4891 ram
1192 4837 1337 4908 apparuit,
1355 4839 1467 4906 missus,
1481 4841 1511 4893 ut
1526 4839 1691 4908 credimus,
1705 4839 1737 4895 in
1753 4839 1904 4894 Francorum

252 4932 282 4985 et
305 4924 424 4983 Pictavis
461 4939 549 4995 usque
578 4937 735 4993 properare
763 4921 897 4977 decrevit.
932 4924 1059 4981 Alaricus
1108 4925 1255 5005 auxilium,
1272 4929 1303 4979 ut
1317 4925 1372 4979 hoc
1384 4925 1484 4980 vexillo
1498 4925 1659 4982 confortati
1673 4919 1905 4983 adconterendam

251 5033 319 5073 0000
341 5015 500 5072 Gothorum
542 5027 591 5065 rex
623 5011 691 5065 tunc
721 5009 861 5082 temporis
891 5013 1059 5070 morabatur
1108 5011 1286 5068 lncredulam
1303 5017 1421 5084 gentem
1437 5014 1532 5087 magis
1548 5032 1580 5070 ac
1595 5016 1697 5088 magis
1713 5009 1905 5071 accederentur.

252 5106 370 5163 ibidem·
1109 5100 1237 5156 Alaricus
1257 5101 1332 5156 forte
1356 5104 1425 5157 tunc
1447 5102 1559 5172 aberat,
1575 5109 1607 5158 et
1622 5105 1661 5160 ad
1689 5095 1905 5174 congregandum

288 5194 417 5264 Cumque
431 5205 483 5263 per
498 5202 605 5260 pagum
619 5185 795 5242 Turonicum
807 5185 945 5242 transiret
956 5188 1061 5244 exerci.
1110 5187 1352 5244 innumerabilem
1362 5190 1519 5244 exercitum
1533 5192 1651 5262 legatos
1659 5191 1766 5265 ubique
1774 5181 1906 5244 direxerat,

251 5288 296 5339 tus
307 5278 453 5341 Clodovei,
467 5292 520 5349 pro
546 5273 708 5329 reverentia
734 5272 762 5328 S.
788 5273 901 5328 llartini
925 5278 1062 5350 pracepit
1111 5280 1139 5331 et
1152 5281 1184 5333 ut
1198 5278 1237 5334 ita
1252 5277 1357 5346 dicam,
1370 5295 1427 5334 nou
1440 5279 1477 5334 ad
1491 5279 1703 5349 resistendum,
1716 5281 1766 5336 sed
1785 5275 1869 5351 potius
1879 5266 1917 5328 ad

251 5389 300 5428 rex
315 5373 347 5426 ut
361 5366 472 5422 nemini
487 5363 517 5418 in
527 5362 630 5418 eadem
645 5361 792 5434 provincia
813 5361 910 5434 aliqua
924 5364 1061 5423 violentia
1110 5366 1368 5424 communiendum
1384 5383 1501 5424 suorum
1523 5368 1641 5423 animos
1666 5366 1808 5431 accendit,
1822 5372 1905 5417 eorum

251 5460 417 5517 inferretur.
427 5453 484 5509 Sed
496 5469 548 5507 nec
560 5449 681 5506 omnino
708 5449 817 5521 aliquid
840 5450 908 5508 iude
934 5455 1059 5526 pervim
1110 5455 1197 5513 fortia
1212 5455 1288 5510 facta
1302 5470 1548 5513 commemorans.
1561 5457 1692 5514 Gentem
1713 5460 1838 5513 nostram
1852 5447 1906 5504 dicit

250 5549 351 5611 tollere
367 5541 596 5618 praesumpsisset
614 5538 764 5606 exercitus,
782 5539 835 5595 nisi
852 5543 1056 5600 tautummodo
1111 5545 1389 5618 essepaucissimam,
1403 5547 1495 5602 latum
1506 5547 1706 5620 etspatiosum
1722 5543 1906 5602 suumdenun.

250 5636 371 5695 hssrbtm
385 5647 449 5703 ‘1¹¹ae
469 5628 550 5702 00οῑ0
576 5644 678 5692 eorum
705 5625 856 5687 videbatur
880 5646 940 5689 esse
965 5648 1061 5688 neces
1110 5634 1164 5690 tiat
1178 5634 1344 5705 imperium.
1356 5635 1434 5691 Sicut
1449 5635 1571 5692 Romam
1586 5637 1775 5701 attriverant,
1790 5631 1905 5688 ilaFrau·
