3992 6180
130 336 196 404 tait
668 376 669 380 =
729 335 955 404 'CBRDMCCbt
976 365 1013 392 a·
1033 335 1099 401 ΗΒ.
1117 335 1162 397 tlt,
1716 345 1784 418 litto

126 463 228 523 ratione
241 471 315 529 mete
330 456 404 530 ‹teoie
418 455 536 524 stoan
549 463 616 524 esto
628 456 717 530 noti,
737 473 766 520 so
784 458 855 540 pond
866 464 1072 548 poeldensem
1084 457 1231 538 innocus,
1240 457 1473 540 integadabnrp
1483 461 1620 543 primitus
1629 462 1779 540 idrescivi,

127 545 321 605 ordinationem
347 551 466 606 oestrum
493 551 588 610 contro
619 564 679 606 enm
708 548 793 606 molto
825 551 931 622 operari
979 551 1009 614 et
1023 565 1089 606 mox
1104 547 1288 622 adrapinam
1302 549 1514 608 velociterabii.
1529 552 1636 612 Omnes
1652 572 1782 614 noscon·

126 633 308 692 studuissetis?
328 635 362 691 Et
376 634 445 690 ille:
463 634 569 692 Credite
588 637 667 704 miti,
688 637 802 706 oismro,
822 638 928 706 credite,
979 635 1259 710 provincialesjuxta
1281 637 1398 704 llildam
1412 640 1515 698 sedere
1529 643 1560 697 et
1573 641 1611 702 ad
1625 643 1782 710 meantum

127 723 323 796 ingeminans,
336 726 402 798 quic
416 727 445 782 io
465 726 514 781 troc
538 725 677 800 cenobitis
695 743 749 784 oon
770 744 842 786 mm.
857 727 930 784 oum
979 725 1055 798 regis
1069 725 1132 782 boec
1143 725 1244 783 omnia
1255 725 1419 800 providere,
1435 729 1472 786 ab
1488 746 1522 786 aa
1533 730 1606 801 jussi
1617 736 1783 800 sumnaln-

128 814 225 872 aotem
252 812 418 886 percontari
447 815 523 872 hunc
550 815 665 884 rebem,
692 817 845 872 curtante
872 815 929 871 cito
978 811 1065 874 terim
1081 813 1180 870 rexab
1195 814 1378 886 expeditione
1394 817 1565 875 occidentali
1579 820 1783 890 revertitur,et

127 899 241 969 obierit,
253 900 398 974 evigilavi,
415 904 444 956 et
457 902 513 958 boo
525 901 599 960 scire
613 920 671 960 non
686 903 767 960 licuit
781 903 931 960 mihilo—
979 901 1162 961 Gerenonem
1174 905 1249 976 (780)
1265 903 1371 962 suimet
1383 907 1565 978 capellanum
1573 925 1685 984 ponere
1696 909 1726 966 in
1737 927 1784 969 va.

126 988 189 1062 cepi
206 990 273 1062 post
290 989 467 1048 averacibus
481 999 538 1058 ²⁸⁴⁸,
559 991 639 1063 quod
653 991 678 1048 is
692 999 740 1034 ¹²⁸⁰
752 991 782 1046 iu
797 991 929 1050 omnium
980 1005 1067 1046 cuum
1080 997 1128 1036 ²⁸⁸⁸
1143 993 1276 1047 conatur.
1292 991 1362 1048 iluic
1385 995 1482 1066 presul
1496 994 1613 1061 llericus
1628 1013 1782 1061 occurrens

127 1077 578 1138 mmmemorationesenctorum
589 1078 692 1136 divinis
702 1080 931 1152 elementerpre·
981 1077 1247 1151 et¹⁸⁸⁸legationem
1259 1087 1394 1137 mlsuam
1407 1091 1455 1126 ¹⁸⁸⁰
1466 1082 1610 1157 aperiens,
1621 1103 1685 1144 ¹non
1694 1104 1781 1146 exau·

7 1175 8 1180 ’
126 1164 235 1222 seutari
250 1169 413 1222 mereretur
433 1166 591 1224 obtutibus.
617 1167 709 1227 Omne
733 1168 811 1242 quod
830 1168 866 1227 de
880 1168 929 1224 illo
980 1165 1407 1250 ditnr.'lbiadricus¹⁸⁸⁰nepos
1422 1175 1587 1240 meustupo
1601 1172 1639 1229 ad
1652 1173 1780 1244 Gronpm

128 1251 195 1320 dixi,
209 1268 270 1313 non
286 1253 322 1314 de
333 1253 449 1330 speciali
459 1255 558 1328 alique
566 1257 671 1314 suimet
679 1257 803 1316 caritate
811 1256 929 1332 protuli,
979 1257 1096 1312 secutus
1107 1255 1198 1325 uenit,
1214 1258 1273 1312 eta
1287 1272 1357 1329 rege
1366 1273 1419 1330 per
1429 1275 1533 1318 manus
1542 1262 1705 1346 suscipitur,
1712 1266 1780 1330 etin

7 1417 8 1420 Ἴ
127 1339 302 1414 quieveram
315 1345 367 1409 est,
379 1344 457 1416 qnod
469 1347 539 1402 ¹rorate
549 1345 783 1405 benedictionem
792 1354 930 1402 suamne
979 1343 1039 1398 vice
1051 1343 1171 1400 Geronis
1184 1342 1319 1417 deinceps
1333 1344 1466 1404 babetur.
1478 1349 1510 1404 ln
1526 1349 1614 1411 natali
1627 1349 1783 1418 sanctitic-

7 1441 11 1450 ·
128 1426 313 1486 mediocriter
327 1429 426 1488 dilexit
439 1446 499 1500 me,
514 1434 543 1488 et
558 1433 595 1490 ob
610 1432 810 1492 delensionenr
825 1433 931 1500 suimet
980 1431 1041 1488 tbei
1061 1432 1180 1503 apostoli
1196 1430 1277 1504 (Sept.
1293 1431 1340 1506 27)
1355 1450 1404 1489 rex
1424 1434 1461 1491 ad
1477 1434 1618 1493 Sebusum
1633 1441 1734 1511 renit;
1753 1446 1782 1498 et

7 1533 12 1540 ·
127 1515 262 1572 aeclesias
284 1517 397 1590 inpedit
420 1519 513 1575 msslta
532 1536 616 1576 mese.
632 1521 766 1578 Veritatis
787 1523 883 1595 gratia
901 1526 931 1578 et
980 1535 1034 1592 ego
1049 1519 1234 1590 accedebam,
1246 1522 1273 1576 et
1287 1536 1354 1577 cum
1366 1523 1430 1594 jam
1442 1525 1558 1598 tempus
1572 1531 1781 1597 essensmmo-

7 1605 9 1628 ⁷
127 1601 320 1678 obprobriiob
330 1607 522 1664 mutationem
532 1608 732 1682 subsequuturi
750 1610 930 1668 bcctocusus
979 1608 1030 1666 nui
1039 1609 1116 1666 hunc
1127 1626 1226 1668 coram
1237 1611 1347 1668 cunctis
1358 1611 1561 1683 residentibus,
1571 1618 1603 1673 ot
1615 1615 1726 1694 aliquid
1735 1627 1782 1664 ¹⁸¹⁸

7 1711 11 1718 ·
127 1707 201 1762 suro,
214 1692 331 1752 minore
343 1711 432 1769 quam
446 1695 479 1768 (l.
496 1697 567 1768 tel’)
584 1697 703 1766 luerint,
725 1697 794 1772 quia
813 1700 879 1770 post
899 1714 929 1756 se
980 1699 1016 1755 de
1026 1699 1179 1772 parrochia
1187 1699 1309 1758 meimet
1319 1701 1488 1776 caeterisque
1495 1704 1582 1760 rebus
1591 1704 1696 1778 injuste
1706 1708 1783 1778 abip-

125 1782 281 1840 meliorem
298 1783 410 1842 nubum
425 1785 553 1862 reliquit.
570 1788 639 1846 Post
650 1786 737 1860 bujm
750 1789 929 1861 sepulturam
942 1771 1015 1846 Bois
1027 1790 1094 1844 anm
1110 1788 1352 1845 constitucionem
1367 1789 1398 1858 (7.
1417 1789 1485 1860 737)
1502 1791 1780 1868 archipresuliscum

7 1865 8 1898 ³
124 1870 244 1928 tiericus
264 1873 383 1930 aetates
400 1891 435 1930 ex
455 1879 554 1934 nosue
573 1879 656 1948 parte
679 1877 717 1933 ad
735 1893 837 1950 regem
862 1893 927 1934 cum
979 1876 1781 1944 eosoluissettractare.lbimetuactirmaesuimetlldei

8 1955 11 1979 ³
125 1963 268 2020 electione
282 1963 418 2032 mittitur,
432 1964 477 2020 cui
494 1980 561 2020 mox
575 1964 727 2037 epistolam
743 1965 779 2021 de
793 1965 927 2024 ecclesia
978 1964 1135 2034 commisit,
1147 1967 1180 2022 ut
1192 1981 1258 2021 cum
1269 1965 1387 2038 iusticia
1399 1970 1449 2024 ant
1461 1965 1516 2022 elie
1528 1969 1635 2028 salubri
1644 1971 1707 2028 hsec
1717 1973 1781 2036 fini-

7 2047 11 2080 ³'
125 2052 302 2110 detrimento
311 2067 385 2108 mee
395 2059 442 2096 ¹³⁸⁰
448 2051 613 2126 inscriptam
621 2055 650 2110 et
659 2052 928 2126 regiselementiam
976 2055 1088 2112 rentur.
1104 2053 1223 2110 Postera
1236 2052 1283 2110 die
1296 2069 1345 2109 rex
1354 2052 1393 2109 ad
1406 2053 1602 2135 magadaburg
1614 2057 1780 2130 veniensis

7 2135 12 2168 ³
123 2144 344 2199 ammonentem
359 2140 500 2198 commisi.
976 2139 1131 2201 refectorio
1146 2140 1270 2199 lratrum
1284 2157 1386 2199 omnes
1405 2157 1457 2198 nos
1469 2145 1625 2202 convenire
1641 2148 1781 2222 precepit.

158 2232 205 2286 78.
215 2229 332 2288 interim
343 2230 578 2304 bolizlasustlttl)
592 2230 628 2286 de
641 2246 711 2289 nece
726 2230 928 2307 archipresulis
978 2228 1019 2286 lbi
1028 2231 1098 2285 tunc
1111 2228 1201 2304 regali
1215 2229 1370 2302 peticione,
1391 2232 1420 2284 et
1434 2238 1481 2274 ¹⁸⁸⁸
1497 2233 1574 2288 salsa
1587 2233 1617 2289 in
1631 2239 1781 2309 posterum

7 2313 12 2348 ³
121 2322 230 2382 certus,
242 2322 419 2392 congregato
431 2319 567 2387 exercitu,
585 2319 749 2388 libusuam,
758 2320 929 2393 dequaprc
978 2317 1130 2383 electione,
1142 2317 1215 2374 Gero
1229 2319 1425 2375 communiter
1438 2319 1554 2392 eligitur
1574 2321 1657 2396 (Sept.
1669 2323 1711 2398 22)
1725 2343 1732 2394 ;
1752 2329 1782 2382 et

7 2403 15 2438 ’-
123 2407 194 2476 dixi,
207 2405 308 2480 peciit;
323 2406 429 2479 etquis
439 2406 558 2470 sciebat,
567 2407 605 2463 ob
619 2406 789 2464 effusionem
800 2408 881 2464 Albis
894 2425 927 2464 ex
978 2405 1009 2460 in
1026 2405 1154 2465 ecclesia
1165 2421 1195 2462 se
1209 2406 1346 2481 primitus
1360 2406 1444 2462 altari
1458 2406 1585 2477 tradens,
1600 2415 1629 2467 et
1648 2428 1783 2470 commu·

8 2507 15 2528 ³¹
121 2499 227 2556 amira
240 2497 322 2569 perte
333 2496 444 2552 nullum
460 2495 581 2552 urbanis
594 2511 677 2568 posse
687 2494 870 2554 adauxilium
880 2512 928 2554 se·
978 2493 1099 2550 aionem
1110 2493 1233 2550 fratrum
1249 2497 1282 2549 70
1293 2494 1402 2550 mensis
1410 2494 1562 2568 acquirens
1573 2505 1631 2568 ¹⁸⁸⁰,
1647 2499 1783 2576 baculum

11 2597 13 2600 ·
121 2583 418 2644 nirecestrmnetatus
431 2585 473 2640 est
490 2582 539 2640 ibi.
549 2582 626 2641 ltiles
640 2582 702 2656 ejus
712 2591 760 2628 ¹⁸⁸⁰
769 2584 806 2640 ad
820 2583 928 2644 bellum
979 2597 1076 2654 aroge
1090 2580 1202 2656 accepit
1212 2583 1407 2654 pastoralem
1429 2583 1458 2637 et
1480 2598 1548 2643 mor
1562 2582 1783 2666 inthronizatus,

125 2674 260 2735 hortatus
270 2671 401 2740 accessit,
412 2676 442 2728 et
456 2672 592 2730 deiensar
602 2672 639 2730 ed
653 2671 801 2730 modicum
811 2673 928 2735 resistit.
978 2670 1017 2726 ab
1040 2669 1111 2726 Eido
1132 2673 1236 2728 unctus
1256 2670 1300 2726 est
1318 2669 1464 2744 episcopo,
1482 2671 1566 2728 nobis
1590 2675 1784 2734 confratribus

7 2767 14 2800 ’-
123 2760 352 2834 Hagnamenisn
367 2761 442 2817 bano
454 2760 557 2819 urbem
571 2758 612 2816 nil
625 2759 680 2816 nisi
695 2761 774 2818 mille
796 2761 930 2818 homines
980 2759 1117 2832 predictis
1138 2775 1205 2815 eum
1221 2766 1268 2802 ¹⁸⁸⁰
1279 2758 1491 2830 adorantibus.
1506 2759 1690 2830 Thebeorpm
1700 2766 1783 2825 lesti-

10 2881 16 2888 ·
124 2850 294 2917 tuebantur,
307 2849 354 2908 cui
368 2848 468 2906 sister
480 2847 602 2909 totidem
611 2851 799 2922 suppeterent
807 2851 931 2906 ¹⁸⁸¹‚Bo·
981 2847 1255 2919 uitasmartyruma
1275 2862 1344 2919 rege
1358 2847 1522 2904 ibicelebre
1537 2849 1661 2921 ducitur,
1676 2855 1785 2926 etpost

124 2940 243 2998 tirlavus
253 2940 292 2996 ad
303 2939 459 3012 prandium
469 2938 598 3007 sedebat,
609 2941 639 2994 et
646 2939 784 2995 satellites
798 2940 931 3012 suosjam
981 2936 1044 2991 brec
1057 2936 1094 2992 ab
1109 2935 1323 3007 archiepiscopo
1338 2936 1498 3009 magnificis
1517 2937 1686 3005 muneribus
1703 2941 1783 3013 idern

7 3035 13 3068 '-
124 3028 356 3086 uictoresnrbam
364 3026 477 3100 ingredi
485 3027 614 3100 gaudens
622 3027 767 3084 cernebat.
776 3029 966 3124 portame-C
982 3040 1048 3080 cum
1063 3025 1120 3080 suis
1135 3023 1270 3080 omnibns
1282 3024 1454 3080 bonoratur.
1468 3025 1538 3081 lude
1550 3025 1592 3081 hii
1602 3033 1650 3071 ¹⁸⁸·
1663 3029 1701 3085 ad
1710 3030 1782 3088 llor-

7 3133 18 3160 =²
124 3117 203 3175 ritus
214 3120 243 3173 et
252 3117 415 3178 multorum
427 3115 543 3188 sanguis
554 3115 720 3172 effunditur.
731 3115 932 3189 Cupiunturex
982 3113 1071 3186 sburg
1082 3115 1271 3185 properantes
1286 3111 1335 3168 diu
1358 3111 1399 3169 ibi
1417 3113 1588 3184 manebant,
1601 3118 1631 3171 et
1647 3132 1785 3192 procure-

8 3215 20 3250 >
122 3204 183 3266 hiis
194 3213 242 3250 ¹⁸¹¹
249 3201 352 3277 optimi
364 3202 536 3260 Guncelinus
549 3219 583 3260 ac
592 3204 668 3262 tt'iso
682 3211 739 3274 ¹⁸⁸¹,
756 3207 786 3260 et
801 3203 932 3278 ejusdem
981 3201 1182 3276 tionemrcgni
1192 3216 1258 3257 cum
1267 3209 1313 3244 ¹⁸⁸¹
1324 3189 1785 3268 summistractabant.,'Erlusinus

124 3293 229 3354 infelix
249 3297 344 3352 custos
364 3291 430 3348 Scih
450 3300 497 3338 ¹⁸¹⁴
514 3293 686 3349 inamatus.
702 3293 728 3348 ls
740 3309 867 3367 iramque
878 3310 932 3350 ur·
983 3289 1199 3348 Cameracensis
1212 3298 1259 3335 ¹⁸⁸¹
1275 3289 1426 3364 episcopus
1440 3291 1470 3347 in
1484 3292 1540 3348 hoo
1555 3309 1644 3364 auno,
1660 3311 1693 3357 ac
1709 3295 1785 3354 Con·

8 3391 17 3432 7
123 3383 208 3450 bem,
222 3397 435 3456 quamcumque
449 3397 589 3454 umquam
604 3381 642 3438 ad
657 3381 796 3440 tuendum
812 3383 931 3454 accepit,
982 3379 1069 3436 radus
1081 3383 1111 3436 et
1124 3377 1317 3436 llerimannus
1328 3394 1401 3451 puer
1418 3379 1503 3436 duces
1518 3381 1628 3454 egregi,
1650 3383 1786 3443 obierunt

8 3487 18 3516 ³·
124 3489 190 3530 non
203 3478 251 3516 ¹⁸⁸⁰
260 3469 437 3544 ignaviasui,
447 3470 497 3526 sed
506 3468 665 3526 infortunio
682 3470 933 3538 miserabili,sem·
984 3470 1066 3541 (700).
1085 3467 1208 3532 Quidam
1222 3483 1291 3524 sero
1311 3469 1470 3526 monachus
1493 3467 1664 3528 infirmitate
1677 3489 1786 3550 magna

8 3607 9 3612 ,
126 3577 182 3634 per
197 3558 302 3616 ambit.
317 3557 472 3616 lliiomnes
485 3555 562 3614 ducti
577 3556 686 3614 suntin
699 3558 932 3631 presentiemsu-
984 3558 1144 3631 depressus,
1170 3557 1261 3616 multa
1284 3573 1337 3630 per
1362 3556 1454 3614 visum
1477 3557 1532 3614 sibi
1555 3561 1683 3618 revelate
1704 3562 1786 3635 vidit,

8 3669 15 3720 g.
126 3647 214 3722 pcrbi
227 3645 460 3720 triumphatoris,
475 3647 557 3719 cujus
576 3646 672 3703 edictu
694 3662 762 3705 mox
785 3647 823 3705 ad
839 3653 933 3706 custo·
984 3661 1049 3720 quae
1063 3644 1192 3714 interim,
1210 3643 1280 3700 dum
1295 3645 1355 3718 ipse
1370 3662 1405 3712 aa
1425 3662 1524 3702 secum
1538 3648 1677 3721 loquitor,
1692 3667 1787 3726 apre-

8 3759 14 3792 2·
127 3733 271 3792 diensium
296 3732 412 3790 abducti
433 3736 510 3790 sunt.
533 3735 574 3790 lix
594 3733 678 3792 sociis
699 3739 797 3791 autem
812 3736 935 3808 predicti
984 3735 1113 3790 sentibus
1127 3732 1239 3804 scriptis
1257 3734 1359 3790 notata
1377 3741 1424 3777 ¹³⁸⁸
1440 3737 1518 3805 snut,
1537 3737 1567 3790 et
1584 3751 1638 3808 pro
1658 3728 1788 3797 maximo

9 3847 10 3880 1
126 3823 211 3882 ducis
226 3840 285 3880 non
308 3823 404 3880 minus
420 3839 509 3896 quem
531 3822 685 3896 quingenti
695 3823 726 3896 (7.
743 3827 804 3895 732)
824 3823 934 3883 ibidem
984 3821 1129 3877 habentur
1142 3819 1281 3876 miraculo
1298 3809 1379 3892 (707).
1395 3821 1459 3877 Nati
1480 3824 1547 3878 sunt
1568 3827 1667 3879 autem
1689 3824 1719 3881 in
1734 3826 1789 3884 biis

8 3939 11 3974 r
126 3916 346 3972 remanserunt.
363 3912 449 3970 Facta
460 3914 503 3967 est
517 3925 585 3967 vero
597 3912 660 3967 bsec
670 3911 842 3970 miserabilis
852 3913 936 3971 cedes
986 3907 1088 3965 diebus
1109 3906 1166 3964 duo
1188 3907 1293 3965 iratres
1314 3923 1380 3963 cum
1396 3907 1540 3978 dentibus,
1560 3910 1590 3966 in
1607 3925 1658 3967 ore
1682 3912 1789 3971 similes

8 4031 12 4064 2,
128 4000 324 4060 tallatendas
338 3998 517 4074 septembris
534 3999 622 4072 (788),
636 3997 731 4056 Divisa
744 4001 812 4058 tunc
824 4001 937 4060 inmani
986 4013 1076 4066 aucae,
1091 4012 1216 4072 quorum
1231 3995 1304 4054 alter
1315 3996 1407 4052 dextri
1417 3997 1571 4055 dimidium
1580 3999 1701 4068 brachii,
1716 3999 1789 4074 sicat

9 4141 13 4153 ,
127 4089 224 4165 preda
238 4104 272 4145 ac
290 4088 361 4144 urbe
376 4088 504 4158 incensa,
517 4086 618 4144 victrix
640 4087 808 4150 turbarum
823 4089 936 4151 seniore
987 4087 1033 4144 ela
1046 4101 1135 4154 auca,
1155 4083 1282 4141 habebat
1295 4093 1356 4155 ¹⁸⁸⁹3
1382 4085 1431 4160 qui
1453 4087 1544 4144 tercia
1562 4087 1610 4143 die
1631 4087 1789 4148 nativitatis

9 4239 10 4242 ,
128 4195 185 4236 suo
201 4178 267 4236 lata
276 4177 373 4236 rediit.
987 4192 1046 4232 sum
1069 4173 1193 4232 invicem
1212 4173 1342 4230 ridentes
1362 4173 1395 4248 (l.
1421 4174 1496 4248 788),
1516 4175 1591 4232 cirili
1612 4176 1789 4235 dissensione

10 5093 11 5096 ,
130 5035 308 5106 ipiturouu.
347 5041 394 5080 ¹⁸⁸⁸
420 5031 503 5105 aliqit
529 5036 554 5087 7.
593 5039 640 5077 ¹⁸⁸⁸
656 5029 718 5088 odd.
732 5029 774 5088 70.
812 5037 860 5076 ¹³⁸⁰
875 5028 1026 5103 scanans
1040 5045 1109 5087 com.
1132 5029 1283 5103 acquirens
1300 5033 1325 5088 7.
1364 5038 1410 5076 ¹⁸⁸¹
1425 5031 1467 5088 ito
1485 5035 1519 5090 Α.

161 4265 214 4322 lie.
228 4265 273 4322 ab
285 4261 471 4321 internuntiis
485 4261 690 4322 festinantibus
706 4263 769 4322 hec
787 4264 891 4340 regina
905 4266 936 4324 in
986 4262 1154 4322 moriuntur
1167 4263 1256 4338 (708).
1277 4261 1402 4329 Quidam
1417 4280 1484 4321 uero
1506 4264 1601 4335 miles,
1620 4281 1688 4323 cum
1712 4267 1792 4325 bona

128 4353 298 4425 Herseburg
310 4354 378 4410 tunc
393 4368 516 4408 manans
533 4351 674 4427 conperit.
690 4353 749 4426 ligo
764 4357 936 4431 antempre·
987 4351 1079 4410 sancti
1093 4350 1249 4411 Clementis
1266 4351 1295 4408 ri
1309 4353 1433 4424 tolleret,
1447 4355 1477 4410 et
1490 4353 1559 4410 inde
1570 4356 1682 4412 rectum
1692 4355 1790 4413 lacere

129 4441 220 4517 positi
234 4442 305 4499 dum
315 4444 412 4499 ortatu
426 4440 553 4516 tledingi
566 4441 623 4498 duo
637 4441 751 4510 altaria,
765 4459 868 4514 unum,
888 4446 937 4502 ubi
986 4439 1135 4510 noluisset,
1149 4441 1180 4498 in
1199 4457 1258 4498 una
1269 4440 1384 4501 dierum
1397 4459 1415 4499 a
1428 4440 1560 4499 muribus
1580 4442 1658 4501 intra
1676 4444 1790 4504 cubicu-

130 4529 570 4606 archiepiscopusreqniesoit,et
581 4527 697 4588 aliudio
707 4528 936 4605 septemtrionali
987 4530 1048 4587 lom
1062 4528 1730 4604 impugnaturiaeliabitibus..0uiprimotoste
1745 4547 1791 4590 ar·
1824 4559 1832 4566 ·

131 4619 266 4694 ejusdem
275 4619 507 4691 templipartetl
520 4616 936 4691 KalendesSeptembrisdedi·
986 4621 1069 4692 septo
1080 4633 1130 4676 eos
1140 4618 1295 4691 probibere
1305 4621 1463 4692 temptans,
1471 4623 1629 4696 postesque
1638 4622 1791 4697 comato

793 4769 909 4828 VARIAE
930 4769 1133 4828 lectiones·

169 4885 416 4948 asseres-stituit.
447 4884 578 4972 'senate
595 4887 634 4944 li.
674 4895 765 4946 ¹⁸⁸¹eu
788 4889 928 4970 erenttc.
967 4886 1101 4942 ¹⁸⁸¹e.b.
1117 4885 1181 4942 odd.
1198 4885 1242 4945 lt.
1280 4885 1611 4972 ¹2⁸⁸wissolopos'mos
1625 4899 1794 4965 pomieno·

129 4969 201 5022 toto.
240 4971 287 5014 ¹⁸⁸⁴
302 4963 348 5020 cib
365 4966 397 5018 to
420 4959 492 5018 loch
511 4961 551 5020 A.
568 4957 602 5018 S.
639 4967 687 5004 ¹⁸⁸⁸
702 4975 739 5016 oe
771 4963 823 5018 cest
845 4973 960 5016 eramen
975 4961 1001 5013 7.
1040 4965 1086 5000 ¹⁸⁸⁸
1105 4961 1135 5013 et
1151 4956 1222 5016 deert
1240 4973 1357 5016 eoseum
1372 4962 1398 5015 7.
1437 4960 1792 5092 0778057778380098710

131 5115 184 5152 ¹⁸⁸¹
198 5122 232 5164 ra
247 5108 363 5164 meeum
378 5107 404 5164 7.
442 5111 489 5151 ¹⁸⁸¹
504 5105 575 5162 nota
595 5107 621 5165 7.
910 5171 1012 5230 Nom
1552 5074 1567 5106 ἰ
1592 5050 1749 5096 mmmm
1783 5075 1790 5092 ι

180 5295 244 5369 787)
258 5297 321 5354 ltux
334 5295 473 5354 Potoniae.
707 5366 714 5379 ‚
935 5365 942 5378 θ
1024 5292 1097 5360 (700)
1111 5291 1150 5348 Ex
1165 5293 1241 5375 bun.
1258 5291 1424 5365 Qoedlinb„
1440 5311 1467 5352 a.
1485 5297 1564 5354 7078.

183 5370 246 5435 788)
262 5367 602 5440 Necr01.llerssb.,eug.
619 5367 664 5424 20.
676 5363 836 5422 Leutuoano
858 5363 939 5421 mults
1024 5365 1097 5436 (777)
1113 5363 1206 5420 lndrd.
1340 5435 1347 5449 ¹
1552 5434 1557 5448 .
1636 5434 1642 5449 .
1740 5441 1773 5452 ..

126 5441 248 5518 peremti
262 5447 334 5496 sunt.
1023 5436 1101 5508 (7⁹2)
1112 5451 1139 5492 r.
1153 5437 1229 5494 Ano.
1246 5433 1411 5506 omniun,
1427 5435 1679 5508 b.a.ub1malsus
1695 5453 1703 5498 s
1718 5438 1793 5500 crosis

172 5513 249 5643 (ἷέξ)
262 5511 302 5570 lte
333 5511 504 5588 parentibus
538 5507 658 5570 Geronis
691 5526 720 5567 s.
749 5509 827 5567 lun.
859 5504 938 5578 Seu,
987 5521 1124 5564 monnau.
