3882 6170
150 328 204 392 343
805 325 992 389 sutusrttn
1009 329 1033 386 ll
1055 326 1156 386 Pbe.
1755 321 1810 382 iil

152 450 264 505 vestros
281 444 441 506 anteriores
465 445 667 520 confugerunt,
687 446 727 504 ita
740 449 957 524 nuncquamris
1006 449 1113 505 habere
1124 444 1281 520 potuimus.
1293 443 1380 505 Nebis
1396 461 1463 503 vero
1473 443 1592 510 reversis
1603 443 1813 519 domum,apo·

150 536 231 613 parvi
244 534 395 609 etindigni
409 535 502 598 advos
513 536 681 610 coniugium
694 536 833 606 iacimus;
847 541 876 594 et
891 539 955 594 ideo
1007 535 1124 592 stolicus
1137 552 1186 592 vos
1201 535 1324 592 Romam
1340 534 1487 606 invitavit;
1507 552 1560 591 nec
1580 536 1680 594 tamen
1691 534 1729 590 ad
1743 551 1813 594 eum

152 629 183 686 et
197 625 377 684 sacerdotem
391 625 530 685 iacobum
552 624 589 679 ad
614 641 662 680 vos
677 625 817 694 misimus,
835 629 867 682 ut
889 644 956 683 eum
1005 624 1103 681 venire
1115 623 1243 679 voluistis
1254 623 1578 697 (44).thuiainitinere
1588 623 1769 698 positus,uon
1780 625 1814 680 ut

153 715 238 773 nobis
252 714 414 772 ordinando
430 713 565 770 solatium
579 714 767 788 praebeatis.»
784 715 875 780 Quem
891 733 956 790 pre·
1007 713 1159 781 voluimus,
1181 713 1231 768 sed
1256 716 1287 768 ut
1311 713 1467 787 potuimus,
1493 712 1667 785 scripsimus,
1682 729 1760 769 nune
1774 711 1814 774 ad

154 805 244 863 dictus
258 803 388 879 pontifex
402 803 432 859 in
448 805 547 860 nostro
560 803 748 872 monasterio,
763 821 910 878 quousque
921 805 956 860 de
1008 805 1132 858 vestram
1144 802 1278 858 sinodum
1292 801 1474 870 revertimur,
1483 817 1572 874 quma
1584 800 1663 857 vobis
1673 805 1717 857 est
1728 818 1815 858 reno-

153 895 211 952 lide
229 893 370 951 catholica
384 893 568 974 probaretur,
585 891 680 961 misit;
709 896 739 949 at
759 901 795 936 ²⁹⁸
813 893 860 950 ubi
888 911 955 950 eum
1008 893 1071 945 raia
1081 892 1110 945 et
1121 890 1248 958 laudata,
1263 907 1280 944 a
1295 889 1402 945 cunetis
1413 888 1546 962 vero,qui
1558 887 1688 944 audiunt.
1706 888 1814 964 depra-

155 981 349 1040 orthodoxum
363 979 503 1059 repperit,
518 997 689 1038 consecrans
697 982 954 1056 archiepiscopum,
1006 982 1072 1035 vata
1086 982 1115 1034 ct
1129 978 1299 1052 vituperata.
1312 978 1381 1043 Quis
1392 978 1520 1034 bdelium
1533 978 1622 1051 aequis
1637 977 1753 1034 auribus
1762 995 1814 1034 au·

152 1087 301 1130 eumcum
315 1069 466 1144 privilegio
482 1070 518 1125 ad
533 1070 651 1144 propria
665 1069 785 1127 remisit.
806 1070 955 1144 Simulque
1006 1069 1068 1124 dire
1081 1070 1186 1140 potest,
1202 1066 1447 1140 archiepiscopum
1473 1084 1526 1139 per
1540 1068 1629 1124 iidem
1657 1066 1813 1140 deceptum

153 1162 189 1218 de
205 1159 340 1237 Hispania
355 1157 534 1234 temporibus
544 1157 682 1220 iohannis
696 1175 790 1231 papae,
805 1159 856 1215 fltii
870 1161 954 1217 Albe·
1007 1159 1036 1212 et
1049 1156 1077 1210 in
1090 1172 1205 1212 carcere
1217 1155 1541 1219 diumaceratum,etsic
1549 1155 1660 1212 nudum
1670 1155 1812 1212 vinctum.

151 1249 214 1320 rici,
228 1265 316 1322 quem
330 1265 380 1306 vos
394 1246 553 1320 incongrue
568 1245 737 1320 derogastis,
748 1248 876 1304 Julianus
887 1249 955 1308 Gor·
1006 1262 1072 1300 cum
1088 1245 1271 1301 multitudiue
1280 1244 1468 1316 strepentium
1483 1244 1656 1302 militumad
1668 1246 1814 1319 synodum

153 1338 289 1398 dubeusis
304 1334 534 1410 archiepiscopus
544 1335 579 1391 de
589 1335 687 1392 multis
700 1338 729 1390 et
743 1337 777 1392 de
788 1337 955 1394 difficiliori·
1007 1336 1137 1402 ductum,
1155 1351 1212 1390 uno
1223 1336 1294 1389 teste
1308 1334 1519 1406 dampnatum?
1530 1333 1598 1400 Quis
1610 1335 1678 1391 talia
1692 1336 1816 1394 audieus

151 1429 206 1485 bus
223 1425 314 1484 causis
336 1423 489 1499 epistolam
512 1439 578 1480 cum
593 1424 695 1496 legatis
712 1419 841 1494 miitens,
863 1425 956 1481 consi·
1007 1427 1132 1478 vestram
1148 1423 1290 1495 synodum
1305 1440 1363 1478 non
1381 1422 1551 1479 maledicit?
1571 1425 1668 1496 Neque
1684 1426 1715 1479 ut
1730 1423 1817 1478 inre·

151 1516 224 1574 lium
252 1517 365 1596 petens,
397 1528 456 1568 non
480 1511 676 1586 interrogans,
700 1512 763 1586 quis
787 1517 836 1569 aut
864 1515 956 1589 qualis
1008 1513 1068 1566 stro
1082 1511 1180 1567 libello
1196 1510 1329 1580 habetur,
1352 1514 1396 1567 ter
1413 1516 1572 1586 quaterque
1588 1520 1624 1555 ¹⁹⁸
1641 1529 1671 1570 se
1685 1511 1817 1586 culpabi-

152 1603 263 1672 luisset,
272 1602 323 1661 sed
334 1601 553 1659 venerationem
565 1603 698 1674 praebens
708 1602 871 1674 apostolicae
883 1603 955 1674 sedi,
1009 1601 1068 1656 lem
1090 1602 1248 1672 negantem
1278 1617 1350 1670 esse,
1375 1601 1470 1656 nullus
1492 1603 1618 1657 vestmm
1633 1599 1816 1660 eumaudire

151 1691 231 1768 quod
245 1690 302 1756 sibi
309 1689 378 1748 utils
391 1693 453 1747 erat
461 1689 601 1763 quaesivit.
612 1689 650 1746 lix
663 1707 720 1764 qua
736 1692 955 1762 recognoscite,
1006 1689 1105 1758 voluit,
1122 1689 1172 1744 sed
1187 1705 1253 1744 cum
1269 1706 1326 1746 uno
1343 1689 1501 1762 presbitero
1518 1707 1585 1748 eum
1614 1689 1814 1762 dampuasiis;

151 1781 315 1838 Romanam
341 1779 492 1836 ecclesiam
510 1779 604 1834 adhuc
619 1779 655 1836 ab
676 1779 810 1835 omuibus
831 1771 992 1836 ecelesiisB
1007 1779 1084 1852 quod
1103 1778 1184 1835 omni
1211 1779 1382 1834 auctoritate
1408 1778 1586 1852 prohibetur.
1609 1779 1691 1844 Quod
1706 1778 1815 1838 nullius

150 1867 289 1926 honorari
304 1871 334 1925 et
346 1865 675 1936 venerari,solummodo
689 1867 913 1924 avobisdetrahi
927 1872 956 1925 et
1006 1867 1135 1936 honoris,
1151 1865 1255 1922 nullius
1271 1866 1419 1940 dignitatis
1433 1867 1468 1922 sit
1484 1869 1584 1922 contra
1599 1865 1815 1939 quemlibetlai·

151 1955 335 2013 dehonestari
362 1962 408 2011 ¹⁰⁸.
426 1953 523 2012 Dicitis
537 1953 616 2028 quod
631 1955 702 2022 lleo,
716 1971 776 2012 non
799 1954 954 2030 apostolico
1006 1971 1083 2023 cum,
1100 1971 1190 2011 uuum
1208 1954 1409 2011 testimonium
1429 1957 1546 2012 credere
1568 1955 1688 2012 debere:
1700 1958 1813 2029 quanto

149 2042 337 2112 mandaretis,
352 2047 381 2102 ct
394 2043 475 2100 vobis
494 2057 665 2116 responsum
680 2060 738 2098 nou
754 2042 887 2098 dedisset.
904 2043 957 2098 No·
1006 2043 1101 2116 magis
1115 2043 1250 2100 adversus
1264 2043 1512 2118 archiepiscopum
1530 2043 1619 2110 iouia
1627 2061 1694 2102 vero
1705 2045 1811 2116 dicitis,

151 2123 216 2192 turb
241 2135 284 2190 ast
303 2132 448 2201 omnibus,
467 2132 536 2207 quia
559 2131 589 2186 in
614 2133 695 2188 tauta
720 2131 907 2188 tribulatione
927 2135 957 2186 et
1006 2129 1101 2202 ipsum
1110 2130 1497 2190 seaecusasseetcoulessum
1510 2132 1812 2204 luisse,considerate,

151 2220 340 2295 oppressione
361 2219 601 2276 albescentia...
617 2227 653 2263 ¹⁰⁷
679 2235 756 2274 nunc
769 2219 877 2291 positus
890 2218 954 2289 luit,
1007 2220 1030 2274 si
1050 2220 1104 2276 luit
1119 2221 1287 2292 recipienda
1299 2222 1363 2277 talis
1379 2222 1542 2280 confessio?
1553 2224 1625 2280 Nam
1635 2225 1666 2278 ut
1676 2224 1811 2285 iuvsslre

153 2308 309 2385 utquando
319 2307 443 2364 roluitet
452 2306 955 2380 qualitervoluit,necvobisnecaliis
1005 2307 1101 2365 libello
1117 2309 1250 2378 habetur,
1263 2309 1400 2366 dicebatis
1410 2310 1437 2365 ei
1449 2328 1455 2366 :
1468 2311 1646 2368 Petavonium
1660 2319 1690 2368 ut
1701 2313 1756 2368 uite
1773 2315 1809 2368 o·-

147 2411 320 2470 responsum
330 2394 399 2451 dare
409 2394 759 2470 potuit;sedtameneitius
769 2393 956 2468 quampotuit
1007 2397 1034 2451 ti
1049 2397 1216 2453 concedetur.
1234 2397 1381 2455 ornatius
1403 2397 1560 2455 confessio!
1576 2399 1640 2456 Acsi
1655 2400 1682 2456 ei
1696 2400 1811 2458 dicere·

148 2500 202 2542 nos
214 2483 251 2541 ad
262 2483 527 2560 investigandamet
538 2482 744 2558 inquirendam
758 2487 954 2540 vestramcau·
1005 2489 1069 2541 tur.-
1091 2484 1156 2540 Nisr'
1167 2487 1264 2541 dixeris
1278 2504 1337 2559 quae
1361 2487 1494 2556 volumus,
1519 2490 1607 2544 civem
1627 2505 1680 2544 non
1695 2490 1809 2560 perere

147 2589 211 2630 sam
219 2570 372 2630 direxit.At
383 2571 432 2629 ubi
445 2570 533 2646 Aquis
542 2571 683 2641 venimus,
692 2573 754 2644 jam
763 2588 830 2627 eum
843 2572 955 2646 deposi-
1005 2573 1075 2629 llece
1089 2574 1224 2632 Amulius
1237 2575 1470 2648 archiepiscopus
1489 2579 1521 2632 ut
1531 2575 1811 2650 patriarcbaloseph

147 2657 426 2730 tuminvsnimusat
438 2677 532 2736 neque
541 2659 658 2736 aliquod
669 2676 863 2734 responsuma
872 2661 953 2717 vobis
1004 2665 1103 2735 captus
1118 2666 1148 2720 et
1162 2663 1297 2721 inlocum
1306 2665 1527 2736 missus,timens
1543 2665 1617 2724 mori
1629 2665 1744 2742 negavit
1758 2676 1808 2723 ¹⁹⁰.

806 2781 924 2838 VARlAE
946 2782 1148 2841 treviorum.

186 2886 223 2925 ¹⁸⁸
238 2881 323 2940 autc.
352 2885 389 2924 ’θ’
403 2878 550 2938 honestari
564 2896 589 2936 c.
617 2877 953 2936 sordesceremus
966 2897 1064 2948 caesar
1080 2881 1266 2938 eneonsulei
1299 2890 1334 2926 ¹⁰⁸
1349 2882 1445 2939 littera
1467 2899 1574 2940 accere
1587 2890 1634 2939 est.
1665 2882 1749 2940 ΜΠ
1758 2883 1808 2942 de-

146 2951 213 3013 sinit
220 2951 340 3028 papium
354 2967 457 3028 sequere
467 2951 564 3010 codes
576 2967 634 3028 pue
648 2959 685 3008 est
700 2951 805 3020 etima,
822 2953 967 3024 theologico
977 2952 1101 3026 quedem
1110 2955 1236 3022 continet,
1247 2953 1301 3010 alie
1316 2957 1522 3028 manuscripto.

920 3049 1032 3108 NUlAE.

182 3147 240 3224 (te)
254 3148 298 3208 Gi.
314 3147 444 3225 lingonis
452 3147 564 3206 litteras
575 3147 614 3206 ad
628 3163 736 3224 papam
750 3164 784 3204 ex
797 3147 861 3204 cod.
879 3147 1065 3221 Lugdunensi
1079 3147 1109 3204 in
1120 3148 1189 3205 edit.
1203 3149 1431 3207 llrancolurtana
1444 3150 1546 3223 synodi
1554 3151 1704 3209 tiernensis
1713 3171 1741 3227 p.
1753 3155 1811 3212 tce

198 3434 480 3599 auru
522 3319 993 3599 ceucrnu
1047 3435 1748 3606 uosouuusrs

638 3679 799 3736 AUCTORE
816 3679 998 3737 GERBERTO
1022 3680 1310 3739 ARCHIEPISCOPO.

823 3798 906 3872 (Anu.
923 3803 985 3868 995,
1006 3799 1073 3858 «lum
1089 3801 1128 3874 2.)

397 3925 490 3998 [Apud
506 3925 598 3993 Perta,
612 3923 787 3982 Monumeute
803 3924 956 3982 Germaniae
970 3925 1106 3995 distortio,
1127 3926 1231 4002 Script.
1249 3931 1322 3986 tom.
1339 3929 1383 3996 lll,
1400 3945 1469 4003 pag.
1486 3932 1562 4003 690]

316 4197 504 4254 concitum
522 4197 732 4255 MOSOMENSE
747 4205 783 4241 ³⁰⁰
963 4199 987 4260 C
1003 4195 1086 4264 biles,
1102 4199 1152 4254 sed
1167 4199 1235 4268 vita,
1252 4198 1383 4258 moribus
1396 4204 1426 4256 ct
1441 4199 1561 4256 scientia
1574 4201 1650 4256 inter
1663 4216 1814 4272 suosprua·

182 4287 266 4343 Auno
276 4284 518 4346 abincaruatione
531 4285 645 4342 Domini
656 4289 718 4354 995,
730 4286 885 4342 indictione
894 4303 951 4355 vui,
1002 4285 1081 4340 clari.
1101 4287 1138 4342 Er
1152 4288 1231 4344 laicis
1243 4306 1358 4362 quoque
1372 4289 1490 4346 admissi
1500 4292 1569 4347 sunt
1581 4288 1752 4345 Godeiridus
1764 4305 1816 4346 co-

147 4390 252 4448 apapa
265 4376 398 4432 iohanne
411 4373 536 4447 synodus
546 4373 952 4430 denuntiataestbabendaiu
1003 4391 1065 4430 mes
1079 4379 1108 4430 et
1125 4375 1237 4448 reliqui.
1253 4376 1337 4432 Facto
1352 4375 1450 4448 itaque
1474 4376 1598 4443 silentio,
1615 4375 1725 4432 cunctis
1738 4379 1813 4432 resi·

147 4462 310 4536 parrochia
323 4463 457 4520 ilamensi
474 4463 639 4536 metropoli.
654 4465 753 4536 ltaque
765 4480 791 4518 rv
804 4463 953 4520 Nonasiu·
1004 4462 1139 4520 dentibus
1154 4464 1202 4536 qui
1218 4465 1350 4521 aderant.
1367 4465 1457 4537 Aymo
1472 4464 1622 4538 episcopus
1645 4464 1767 4521 surrexit
1783 4469 1817 4521 at

146 4550 188 4608 nii
206 4551 444 4610 convenientibus
458 4553 618 4608 Mosomum
633 4550 953 4624 venerabilissimisepi·
1003 4551 1109 4607 Gallice
1135 4553 1325 4609 concionatus
1339 4557 1391 4621 est,
1416 4555 1558 4610 domnum
1585 4554 1746 4610 iohannem
1759 4571 1816 4626 pa-

146 4641 240 4715 scopis
254 4640 386 4701 biodullo
401 4649 436 4686 ⁸⁰¹
451 4640 629 4709 Treverensi,
644 4642 774 4713 aymone
791 4649 827 4684 ³⁰²
842 4640 952 4696 Verdu-
1003 4655 1072 4714 pam
1086 4641 1236 4714 episcopos
1252 4641 1408 4698 Galliarum
1422 4657 1508 4697 causa
1529 4641 1630 4707 synodi
1654 4641 1690 4697 ad
1704 4643 1817 4714 Aquas-

146 4730 240 4802 nensi,
255 4731 382 4790 Notlreru
397 4739 433 4782 ⁸⁰⁸
448 4729 625 4799 leodicensi,
639 4729 772 4802 suitgero
783 4738 820 4772 ⁸⁰⁸
832 4729 952 4786 civitatis
1003 4729 1087 4800 graui
1104 4729 1203 4803 palatii
1218 4728 1365 4800 inuitasse,
1383 4732 1412 4786 et
1425 4746 1474 4786 eos
1489 4729 1537 4786 illo
1552 4729 1649 4786 uenire
1672 4730 1813 4786 noluisse.

145 4819 413 4894 llinigardcvurdas,
430 4819 486 4878 Leo
498 4819 588 4878 abbas
608 4817 777 4879 manasterii
791 4817 881 4874 sancti
897 4819 950 4874 lto-
1002 4818 1074 4874 item
1090 4819 1223 4876 invitasse
1238 4819 1275 4876 ad
1290 4819 1407 4888 Urbem,
1425 4821 1454 4876 et
1464 4835 1513 4876 ees
1524 4836 1583 4876 non
1597 4819 1715 4876 veniae.
1729 4820 1816 4876 ltune

145 4909 251 4968 uelacii
267 4909 344 4968 urbis
358 4910 459 4969 Remae
474 4907 566 4964 vicem
583 4925 672 4981 agens
685 4907 787 4964 domui
812 4905 951 4962 iohannis
1002 4923 1056 4977 pro
1075 4925 1125 4962 sua
1140 4907 1332 4964 sollicitudine
1347 4908 1378 4963 in
1403 4908 1538 4966 ilamensi
1557 4907 1701 4979 provintia
1713 4908 1814 4964 cenci-

145 5015 240 5073 papae,
255 4998 368 5058 medius
384 4997 706 5066 intereosconsedit,in
722 4995 951 5052 aecelesiabcatae
1004 4996 1075 5051 lium
1091 4996 1238 5064 statuisse,
1259 5000 1288 5052 et
1314 5013 1378 5070 quea
1399 4996 1435 5052 de
1462 4996 1574 5052 mnulfi
1594 4995 1756 5067 dejectione
1782 5002 1815 5054 et

145 5087 197 5148 bei
224 5087 379 5161 genetricis
392 5088 502 5157 lturic;
528 5091 614 5160 atque
634 5085 664 5142 in
687 5101 789 5142 eorum
798 5087 953 5156 prospectu
1004 5083 1135 5140 Gerberti
1163 5083 1347 5156 promotione
1373 5083 1520 5140 contraria
1547 5083 1602 5140 sibi
1633 5084 1811 5141 dicerentur‘

145 5176 300 5234 Gerbertus
315 5178 473 5237 liemarum
489 5175 728 5248 archiepiscopus,
744 5191 797 5246 pro
813 5189 863 5228 sua
878 5173 954 5228 ordi·
1008 5190 1060 5246 per
1072 5189 1155 5227 suum
1172 5172 1306 5228 vicarium
1318 5173 1390 5228 velte
1404 5187 1587 5245 cognoscere.
1596 5173 1730 5230 Posthac
1741 5189 1813 5245 pro-

147 5265 265 5324 notione
300 5267 444 5323 talionem
465 5266 638 5323 redditurus.
654 5264 849 5320 lnterluerunt
863 5261 951 5318 etiam
1007 5263 1073 5318 tulit
1097 5261 1248 5334 epistolum
1271 5263 1406 5334 plumbeo
1433 5262 1526 5334 sigillo
1543 5264 1697 5320 munitam.
1717 5261 1814 5327 titiam

145 5355 211 5415 huic
224 5354 345 5413 concilio
357 5355 533 5413 diversarum
545 5354 659 5410 urbium
672 5354 790 5408 abbates
804 5369 861 5406 uon
872 5350 953 5423 igno·
1011 5351 1177 5422 dissolvens,
1194 5369 1292 5408 coram
1310 5352 1445 5408 omnibus
1464 5353 1593 5409 recitavit
1606 5353 1661 5410 hoc
1680 5353 1768 5408 modo
1780 5369 1811 5410 se

804 5477 921 5532 veura
948 5477 1147 5534 uscvrouns.

152 5569 156 5580 '
183 5577 440 5642 aouosousnc.
466 5579 585 5639 seruc.
610 5578 694 5634 sou.
710 5593 734 5633 c.
764 5576 846 5634 ausu.
862 5595 886 5637 e.
915 5587 950 5621 ao
966 5577 995 5636 s,
1011 5595 1035 5638 c.
1137 5625 1141 5631 .
