4022 6188
203 351 272 420 1303
844 333 1026 422 aemiuli
1043 335 1101 400 till
1119 336 1226 406 PAPAE
1796 341 1874 402 stas

202 463 426 547 proprietatibus
434 457 502 534 sais,
514 479 579 540 qna
590 465 633 522 est
641 463 672 521 in
682 478 772 540 prope
790 461 899 520 moenia
915 461 1005 522 Bisul·
1019 459 1135 528 APetri
1147 453 1342 520 anathematis
1355 454 1468 518 viuculo
1483 449 1667 528 innodatum,
1680 463 1790 518 etcum
1805 460 1875 517 dia-

198 553 275 616 ‘duni
284 574 343 613 una
352 570 418 612 cum
428 553 491 627 ipsa
500 551 678 628 proprietate
690 569 777 626 quam
790 551 910 624 praeiata
921 552 1008 608 eccle·
1057 549 1124 606 bolo
1139 551 1169 605 et
1183 549 1243 621 ejus
1258 548 1444 606 atrocissimis
1458 547 1584 622 pompis,
1608 552 1694 624 atque
1711 565 1780 604 oum
1793 548 1872 605 inda

205 647 247 704 sia
257 645 353 703 Sancti
365 642 520 700 Salvatoris
542 645 571 698 et
592 641 689 700 Sancti
715 640 838 710 Genesi,
853 656 886 696 ac
911 638 1009 696 Sancti
1058 636 1197 694 traditore
1209 637 1240 695 iu
1255 642 1400 696 arternum
1412 637 1512 712 ignem
1524 640 1755 707 concrematum,
1763 637 1874 692 simul-

206 730 351 790 Michaelis
364 732 472 788 habere
487 729 600 787 videtur
610 729 641 786 in
654 730 746 800 borgo
763 727 922 798 bisulduni,
938 727 1008 782 etin
1058 742 1115 799 que
1129 725 1158 782 iu
1174 724 1311 800 uoragine
1327 727 1506 802 cumimpiis
1523 725 1646 783 deficiat.
1662 726 1717 792 Qui
1732 743 1800 784 vero
1811 743 1871 799 pro

203 820 334 890 circuitu,
354 823 382 875 et
396 819 427 876 in
440 818 576 883 omnibus
589 817 652 876 aliis
664 817 741 873 locis.
757 818 812 872 llas
826 833 892 872 vero
906 831 1009 886 supra·
1058 811 1165 870 iutuitu
1178 817 1273 872 custos
1285 817 1314 870 et
1327 814 1476 885 obediens,
1493 821 1580 889 atque
1594 815 1764 871 observator
1776 815 1868 886 hujus

205 909 304 980 Motae,
320 925 422 966 omnes
445 907 579 964 ecclesias
606 922 674 962 cum
701 905 836 964 omnibus
854 903 965 972 alodiis,
979 905 1009 960 et
1059 905 1165 959 nostrie
1180 901 1333 960 salutiferae
1348 903 1549 977 praeceptionis
1559 903 1709 971 exstiterit,
1725 901 1868 958 benedic·

205 998 431 1076 proprietatibus
445 995 598 1064 scissioni
619 995 693 1050 latus
707 992 868 1049 Bernardus
885 993 946 1065 ipse
959 1008 1007 1050 cn·
1058 991 1145 1048 tionis
1168 993 1304 1064 gratiam,
1331 995 1360 1049 et
1379 991 1501 1050 ccelesiis
1528 989 1728 1049 retributionis
1755 993 1871 1058 estem

205 1103 267 1144 mes
281 1085 398 1142 donavit
409 1101 475 1142 cnm
490 1083 689 1139 avunculosuo
704 1083 813 1139 Mirone
823 1081 853 1136 in
871 1079 1009 1156 predicta
1058 1079 1165 1152 gaudia
1178 1097 1196 1136 a
1208 1083 1286 1154 justo
1295 1081 1392 1154 judice
1405 1079 1530 1138 Domino
1545 1081 1605 1138 Deo
1617 1084 1715 1138 nostro
1728 1079 1871 1152 consequi

204 1175 388 1245 scaloniaret
399 1173 529 1243 donabit,
540 1174 569 1229 et
577 1173 682 1230 coetera
691 1188 756 1245 quae
765 1170 872 1244 ubique
883 1169 1008 1238 donavit,
1057 1171 1206 1224 mereatur
1216 1169 1246 1224 in
1262 1170 1367 1226 saecula
1377 1171 1558 1226 seculorum.
1571 1171 1677 1228 Amen.

205 1269 255 1324 aut
269 1263 400 1334 donabit,
416 1262 473 1319 sire
492 1261 574 1332 casis,
599 1259 749 1330 casalibus,
772 1258 869 1328 endis,
889 1258 1008 1328 mansis,
1096 1253 1241 1327 Scriptum
1260 1273 1314 1330 per
1337 1273 1459 1316 manum
1486 1256 1634 1315 Benedicti
1647 1255 1754 1315 notarii
1768 1253 1871 1330 regio-

194 1353 344 1422 *ecolcsiis
360 1349 467 1421 lundis,
478 1349 572 1420 terris,
583 1365 633 1405 seu
652 1349 753 1418 vineis,
772 1347 872 1422 pratis,
886 1346 1008 1421 pascuis,
1060 1344 1134 1402 narii
1160 1349 1188 1402 et
1216 1343 1346 1404 scrinarii
1371 1350 1477 1404 sancte
1511 1347 1650 1404 itomanae
1677 1343 1809 1402 Ecclesia
1836 1344 1870 1400 in

204 1431 495 1500 etcumomnibnsad
501 1435 1010 1511 jusecolesiaenotataepertinentibus
1059 1451 1159 1490 mense
1172 1435 1319 1504 ianuario,
1334 1435 1492 1492 indictione
1506 1434 1749 1510 quintadecima.

203 1533 311 1588 salvam
324 1530 398 1586 etin
411 1526 520 1584 cunctis
536 1526 663 1601 quietam
673 1523 829 1582 consistere
838 1521 891 1581 sub
904 1527 1010 1582 nostrae
1096 1523 1195 1580 Petrus
1218 1523 1344 1582 ecclesia
1359 1523 1484 1581 Sutrium
1504 1523 1653 1597 episcopus
1668 1523 1713 1581 his
1728 1521 1868 1581 omnibns

204 1616 371 1693 apostolica
380 1616 455 1672 sedis
465 1615 598 1682 tuitione,
609 1613 650 1670 ita
664 1613 868 1670 confirmantes
882 1609 1010 1669 decerni·
1059 1610 1203 1668 consentit
1215 1616 1244 1668 et
1255 1612 1432 1686 subscripsit.

205 1723 280 1777 mus,
291 1703 651 1778 utnullusimperatornm,
665 1703 708 1758 vel
718 1719 834 1774 regum,
847 1717 941 1774 neque
951 1700 1010 1756 ulla
1094 1699 1235 1756 Robertus
1248 1701 1408 1774 episcopus.

205 1810 330 1872 persona
346 1791 484 1848 clericalis
498 1791 542 1846 vel
556 1790 674 1860 laicalis,
685 1807 773 1864 parva
796 1794 846 1846 aut
856 1806 965 1864 magna
978 1788 1009 1844 in
1093 1786 1219 1844 loannes
1232 1789 1375 1845 llortanus
1389 1790 1539 1864 episcopus
1547 1790 1723 1863 subscripsit.

204 1881 332 1958 praeiatis
348 1879 484 1950 ecclesiis,
501 1896 594 1952 neque
610 1878 639 1936 in
653 1879 836 1952 parochianis
846 1896 946 1935 earum
956 1893 1009 1954 pro
1095 1876 1264 1934 Benedictus
1276 1879 1391 1934 Arensis
1406 1879 1566 1952 episcopus.

205 1989 286 2048 pace,
300 1973 329 2027 et
343 1971 456 2044 tregua,
467 1985 517 2024 seu
527 1984 578 2040 pro
602 1985 634 2023 re
652 1967 850 2038 ecclesiastica,
864 1967 937 2024 sicut
946 1968 1009 2040 jam
1095 1965 1195 2022 Petrus
1210 1967 1359 2040 episcopus
1372 1970 1479 2024 sanctia
1494 1968 1671 2041 Pipemensis
1683 1968 1828 2026 Ecclesia.

206 2057 274 2117 dicti
285 2057 404 2116 termini
411 2055 739 2132 assignantur,aliquam
751 2055 892 2112 ditionem
902 2057 1009 2114 habere
1058 2129 1062 2139 .
1095 2054 1154 2126 Ego
1171 2055 1341 2112 Benedictus
1359 2057 1694 2130 Portuensisepisoopus.

204 2143 434 2226 prasumatsed
449 2164 512 2203 rem
526 2163 578 2221 per
597 2145 737 2218 judicium
766 2145 913 2203 adalberti
934 2147 1008 2218 ejus·
1095 2145 1199 2200 Datum
1214 2160 1253 2200 vu
1267 2145 1329 2202 ltal.
1357 2145 1504 2202 Februarii
1528 2162 1579 2217 per
1597 2162 1720 2202 manum
1746 2147 1867 2204 bosonis

205 2237 272 2294 dem
288 2236 342 2293 loci
356 2235 476 2292 rectoris
486 2235 530 2290 vel
546 2251 750 2304 successorum,
762 2233 810 2308 qui
824 2233 855 2290 in
863 2233 1009 2306 jamdicta
1058 2235 1110 2292 Dei
1124 2233 1219 2306 gratia
1231 2233 1366 2308 episcopi,
1387 2237 1416 2290 et
1427 2233 1639 2292 bibliothecarii
1660 2237 1767 2292 sanctae
1781 2253 1869 2310 apos·

205 2325 324 2384 ecclesia
346 2323 443 2381 Sancti
472 2323 627 2380 saluatoris
641 2338 673 2378 ac
700 2323 795 2379 Sancti
824 2321 935 2378 Geuesii
958 2337 1007 2377 seu
1057 2323 1151 2380 tolicae
1166 2323 1250 2380 sedis.

205 2411 303 2471 Sancti
317 2412 460 2470 Michaelis
473 2409 561 2467 modo
576 2414 605 2464 et
622 2410 652 2464 in
664 2409 760 2465 futuro
783 2409 813 2464 in
834 2412 1008 2484 perpetuum
1093 2412 1170 2468 Bene
1182 2412 1284 2468 valete.

204 2494 1007 2570 commorabuntnr‚dijudicent‚etdisoernant,etsemper
1433 2499 1490 2555 XIX

206 2579 236 2643 in
247 2602 348 2642 eorum
360 2584 496 2640 consistat
504 2583 650 2639 voluntate
661 2585 691 2638 ct
701 2582 1009 2658 potestatebiceateos
1057 2588 1219 2646 Benedictus
1244 2585 1321 2644 VIII
1340 2605 1415 2660 popo
1442 2588 1582 2658 continuat
1612 2588 1679 2646 torro
1712 2587 1872 2645 monosterii

206 2674 301 2750 quiete
312 2678 341 2730 et
349 2671 466 2747 pacifice
477 2672 639 2728 viveretam
650 2670 723 2741 illos,
739 2690 824 2748 quam
836 2673 1009 2746 sacerdotes,
1094 2674 1470 2750 submurmurabant
1488 2674 1694 2734 Bacuenses
1704 2676 1833 2736 diacoi.

206 2779 258 2820 seu
269 2761 398 2832 clericos,
412 2763 498 2836 atque
512 2759 598 2816 laicos
613 2777 726 2829 corum,
735 2763 763 2816 et
777 2760 834 2816 sint
844 2777 945 2818 omnes
957 2761 1010 2817 im·
1361 2766 1456 2838 (Anno
1472 2765 1564 2838 loli.)

208 2867 323 2920 munes,
351 2853 380 2906 et
405 2847 493 2905 alieni
509 2848 545 2905 ab
561 2848 640 2904 omni
660 2847 774 2923 publica
791 2847 941 2906 lunatione
966 2851 1010 2906 vel
1215 2854 1424 2928 [Coconmrnrs
1438 2853 1485 2908 ati
1495 2871 1588 2928 supro,
1601 2856 1624 2918 Ι,
1636 2855 1712 2927 iit]

204 2940 282 3016 turpi
300 2939 426 3010 servitio,
441 2939 481 2994 ita
495 2942 527 2994 ut
540 2939 636 2995 nullus
658 2937 763 2994 audeat
782 2955 832 2994 eos
845 2938 1010 3008 molestare,
1097 2942 1263 3000 Bmsnrcr'os
1278 2943 1439 3018 episcopus,
1454 2959 1550 3000 servus
1573 2959 1723 3001 servorum
1746 2941 1808 3013 uei,
1824 2941 1871 2998 di-

203 3029 435 3102 autinqnietare,
449 3025 504 3083 nisi
518 3026 701 3083 solummodo
716 3024 801 3082 binos
813 3028 918 3084 solidos
931 3026 1012 3084 omni
1061 3014 1136 3088 lecto
1150 3031 1181 3087 in
1197 3031 1317 3088 domino
1333 3033 1472 3088 Boursroro
1496 3029 1632 3104 religioso
1650 3031 1820 3104 preshytero
1839 3035 1870 3086 et

205 3133 283 3176 anno
292 3114 328 3174 ad
338 3118 428 3174 altare
438 3114 535 3172 Sancti
546 3113 621 3170 Petri
632 3131 684 3189 pro
691 3115 830 3188 pensione
837 3116 1010 3189 persolvant,
1023 3137 1047 3197 ρ
1061 3121 1216 3189 monacho,
1232 3123 1319 3194 atque
1334 3120 1500 3192 evangelico
1510 3121 1608 3178 abbati
1620 3119 1793 3176 venerabilis
1803 3136 1869 3176 mo-

199 3205 349 3264 'etMironi
373 3203 553 3262 Geruudensi
578 3203 768 3278 episcopo,et
791 3203 925 3260 omuibus
952 3204 1012 3276 ejus
1062 3209 1180 3266 nestorii
1207 3207 1303 3265 Sancti
1332 3207 1437 3264 Christi
1463 3209 1686 3282 protomartyris
1714 3207 1869 3281 Stephani,

204 3293 415 3350 successoribus
424 3290 584 3366 hospitium
600 3291 750 3348 aunuatim
761 3291 796 3346 de
806 3295 917 3366 septem
931 3289 1012 3365 equi·
1062 3297 1140 3370 qnod
1160 3295 1248 3354 situm
1263 3299 1306 3354 est
1321 3295 1351 3352 in
1369 3295 1508 3353 comitatu
1526 3296 1734 3352 bisuldunense
1748 3297 1779 3352 in
1794 3296 1870 3352 ualle

206 3381 318 3452 laturis,
335 3383 363 3437 et
377 3379 499 3438 totidem
522 3379 606 3436 sociis
620 3381 791 3436 tantumlit
808 3379 868 3454 ipse
887 3378 968 3448 Miro,
984 3383 1013 3434 ot
1062 3382 1171 3440 Sterria
1194 3383 1224 3439 in
1256 3383 1351 3456 capite
1378 3383 1466 3457 ipsius
1491 3383 1595 3458 stagni,
1611 3385 1674 3440 loco
1688 3383 1739 3457 qui
1763 3383 1871 3438 dicitur

207 3485 310 3529 omnes
331 3485 506 3525 successores
535 3467 596 3540 ejus
618 3467 743 3542 episcopi
770 3466 839 3523 dent
857 3467 1010 3540 jamdicto
1061 3473 1223 3539 Balneolas,
1252 3472 1305 3528 tibi
1327 3475 1481 3545 tecumque
1507 3472 1702 3540 manentibus,
1718 3475 1749 3527 et
1771 3474 1869 3545 perte

206 3556 372 3624 hdelberto,
384 3557 413 3611 et
424 3553 631 3611 successoribus
643 3555 704 3626 ejus
717 3554 748 3609 in
762 3555 883 3630 praefata
892 3557 1011 3613 ecclesia
1059 3559 1172 3633 tuisque
1193 3560 1368 3633 illorumque
1391 3559 1608 3629 successoribus,
1623 3561 1698 3616 salus
1711 3563 1742 3616 et
1755 3577 1824 3633 pax,
1841 3561 1872 3613 et

207 3632 305 3701 Sancti
316 3641 481 3710 Salvatoris',
498 3646 527 3698 et
548 3641 645 3698 Sancti
663 3639 787 3713 Genesii,
799 3661 832 3700 ao
847 3643 944 3700 Sancti
958 3645 1010 3701 Mi·
1061 3647 1217 3721 apostolica
1229 3637 1393 3705 benedictio
1408 3647 1504 3720 quoad
1518 3648 1645 3705 mundus
1658 3652 1827 3722 permanet.

206 3733 313 3790 chaelis
327 3730 585 3801 commorantibus,
599 3730 725 3788 chrisma
739 3731 801 3788 sine
816 3733 912 3806 aliquo
927 3733 1012 3790 servi·
1098 3735 1170 3792 Cum
1186 3738 1299 3794 constet
1311 3735 1469 3793 Dominum
1479 3736 1572 3792 Deum
1581 3739 1714 3792 nostrum
1724 3736 1869 3794 honorem

206 3821 259 3893 tio,
274 3824 304 3878 et
321 3819 498 3878 habitatores
512 3820 642 3894 ejusdem
666 3819 792 3878 ecclesiae
817 3822 928 3878 donent
942 3821 1013 3878 illud
1062 3829 1168 3882 sanctae
1183 3825 1352 3882 universalis
1367 3825 1498 3882 Ecclesia
1511 3824 1688 3882 incessanter
1700 3841 1717 3882 a
1728 3839 1871 3898 propaga·

206 3902 238 3990 S.
257 3907 419 3978 Vincentio,
443 3912 474 3964 et
500 3908 562 3965 eliis
590 3909 715 3966 ecelesiis
742 3909 796 3966 sibi
822 3909 952 3966 subditis.
980 3911 1013 3965 lu
1063 3913 1172 3972 toribus
1185 3913 1277 3970 beate
1287 3912 1355 3969 lidei
1369 3916 1569 3986 augmentare,
1578 3928 1694 3968 neeesse
1702 3911 1869 3984 accipienti·

206 3998 358 4074 precipuis
369 4015 483 4073 quoqne
501 3997 709 4068 festivitatibus,
724 3998 833 4054 Pascha
841 3997 974 4054 videlicet
985 4001 1015 4053 et
1062 3999 1871 4077 busabillototiusjuraregiminis,eiconcederecensura

206 4089 385 4150 Pentecoste.
410 4088 440 4142 et
460 4085 551 4143 sancti
575 4085 697 4156 Genesii,
711 4103 744 4142 ac
766 4085 856 4143 sancti
871 4083 1015 4141 Michaelis
1059 4089 1347 4163 justimoderaminis
1358 4089 1475 4146 firmam
1484 4089 1700 4156 liberalitatem,
1708 4090 1871 4146 malorum-

206 4175 384 4258 archangeli,
409 4178 438 4230 et
463 4174 595 4231 omnium
614 4177 780 4230 sanctorum
798 4178 884 4250 atque
910 4173 1014 4231 Natalis
1064 4176 1872 4252 queproculabeapellerepervasionemonocircaquo·

156 4317 161 4324 .
205 4251 334 4336 Domini,
348 4280 450 4320 omnes
464 4263 560 4320 clerici
586 4263 615 4321 S.
632 4263 773 4320 vincentii
788 4279 854 4320 cum
877 4261 1014 4320 universis
1063 4263 1871 4340 niamconvenitapostolicaepietatihcnignapetentibus

206 4347 391 4429 parochianis
401 4352 459 4408 suis
468 4351 586 4409 veniant
594 4352 760 4427 plenissime
775 4351 812 4408 ad
825 4351 943 4410 missam
954 4369 1014 4408 ma·
1063 4370 1229 4412 succurrere
1237 4352 1446 4426 compassione,
1455 4352 1520 4408 ideo
1531 4369 1584 4429 nos
1592 4352 1872 4426 tuisjustis(etenim

204 4443 299 4515 jorem
313 4442 350 4498 ad
365 4441 519 4498 ecclesiam
538 4441 567 4497 S.
594 4439 749 4498 Salvatoris
765 4457 797 4496 nc
810 4439 907 4497 Sancti
920 4443 1012 4498 Gene·
1026 4403 1294 4500 Dsicsuntanobis
1304 4439 1734 4514 adjudicataemamjustefiunt}
1743 4457 1872 4498 annuen-

207 4529 252 4601 sii,
266 4534 353 4605 atque
366 4529 464 4588 Sancti
485 4529 632 4586 Michaelis
646 4528 861 4604 inperpetuum
882 4545 949 4586 cnm
964 4547 1013 4587 eo·
1061 4536 1106 4589 tos
1114 4530 1258 4606 precibus,
1274 4545 1375 4586 omnes
1389 4529 1581 4602 proprietates
1593 4529 1651 4585 sive
1673 4529 1869 4602 possessiones

206 4634 273 4676 rum
295 4619 500 4678 oblationibus.
513 4617 689 4688 statuentes,
706 4617 864 4692 apostolica
881 4635 1012 4698 censura,
1062 4620 1151 4696 ipsius
1164 4619 1230 4688 loci,
1245 4617 1570 4687 finesvellimites,cum
1581 4617 1753 4690 adjacentiis
1763 4619 1870 4691 preci-

206 4706 259 4762 sub
271 4705 358 4763 divini
368 4707 469 4780 judicii
481 4707 720 4776 obtestatione,et
727 4707 918 4764 anathematis
927 4707 1014 4763 iuter·
1063 4724 1189 4782 puorum
1197 4707 1386 4780 prediorum,
1402 4717 1469 4763 cum
1484 4706 1617 4764 omnibus
1630 4705 1768 4776 ecclesiis,
1783 4724 1872 4780 paro·

208 4793 344 4865 dictione,
357 4799 388 4852 ut
401 4795 474 4852 nulli
494 4813 624 4870 uuquam
637 4800 805 4853 nostrorum
816 4812 1013 4853 successorum
1064 4797 1144 4860 chiis,
1159 4796 1241 4866 villis,
1254 4795 1364 4877 fundis,
1384 4793 1467 4865 casis,
1485 4796 1636 4864 casalibus,
1654 4795 1756 4865 terris,
1768 4795 1871 4863 vineis,

206 4883 387 4961 pontificum,
404 4886 448 4941 vel
461 4885 525 4942 aliae
536 4885 775 4958 cuilibetmagnae
786 4901 938 4960 parvaque
948 4901 1013 4958 per·
1063 4887 1183 4959 campis,
1198 4884 1298 4957 pratis,
1316 4885 1439 4958 pascuis,
1458 4883 1543 4954 silvis,
1564 4883 1694 4956 garricis,
1709 4885 1796 4952 arcis,
1812 4887 1872 4942 tor·

206 4991 295 5043 sonae,
306 4973 369 5030 haec
382 4989 447 5047 ques
463 4973 577 5031 anobis
598 4973 687 5032 modo
700 4973 818 5030 decreta
835 4975 912 5042 sunt,
926 4975 1014 5047 atque
1065 4975 1195 5044 culareis,
1208 4973 1300 5046 aquis,
1311 4973 1604 5046 aquarumductibus,
1615 4971 1706 5028 vineis
1721 4971 1872 5030 molendi-

206 5063 362 5121 constituta
376 5063 544 5138 quempiam
557 5063 587 5118 in
600 5079 771 5137 quocunque
781 5061 954 5127 convellere,
964 5062 1014 5118 sed
1065 5065 1110 5122 nis
1124 5081 1190 5120 oum
1203 5061 1260 5120 suis
1271 5063 1449 5136 caputaquis,
1466 5065 1495 5120 ot
1504 5061 1560 5118 suis
1575 5061 1747 5135 piscatoriis,
1759 5063 1872 5119 cultum

206 5153 302 5226 potius
314 5150 402 5209 firma
416 5151 572 5208 stabilitate
589 5150 759 5206 inconvulsa
778 5149 924 5226 perpetuis
939 5153 1013 5206 tem·
1063 5151 1107 5210 v'el
1119 5150 1271 5220 incultum,
1283 5155 1312 5207 et
1323 5167 1500 5225 quacunque
1515 5151 1600 5206 beato
1618 5149 1829 5224 protomartyri
1844 5157 1873 5207 et

206 5240 325 5315 poribus
346 5255 521 5314 permanere
539 5237 705 5295 definimus.
729 5238 758 5294 si
773 5239 837 5312 quis
852 5242 949 5295 autem
969 5243 1014 5296 te·
1062 5242 1157 5298 levitae
1173 5240 1320 5312 Stephano
1331 5257 1365 5296 ex
1378 5239 1579 5296 collationibus
1586 5255 1689 5312 regum
1696 5239 1872 5296 olimincoe·

207 5327 333 5384 merario
348 5345 418 5384 ausu
433 5331 534 5385 contra
544 5327 709 5399 hujusmodi
721 5331 829 5382 nostrie
849 5327 1013 5402 apostolica
1063 5328 1151 5386 nobio
1162 5330 1311 5394 Balneolas
1323 5328 1448 5384 retinere
1462 5328 1585 5391 videtur,
1596 5331 1694 5384 nostro
1706 5328 1869 5401 apostolico

207 5414 1013 5491 preceptionisseriempieanobispromulgatamveuire
1063 5415 1869 5491 confirmamusprivilegio,concedimusitaquepraedioto

209 5519 297 5578 agere
324 5506 368 5562 vel
400 5505 562 5580 intringere
591 5506 755 5575 tentaverit,
782 5503 854 5561 sciat
884 5523 925 5577 se,
958 5506 1014 5564 nisi
1062 5505 1335 5580 monasterio,quod
1351 5504 1382 5562 in
1393 5504 1514 5562 circuitu
1522 5505 1583 5578 ejus
1592 5503 1727 5576 babetur,
1737 5505 1869 5562 videlicet

206 5593 368 5672 resipuerit,
377 5593 496 5654 Domini
508 5595 599 5656 nostri
612 5598 643 5655 et
655 5593 856 5674 apostotorum
868 5594 1012 5674 principis
1060 5591 1867 5680 quontuubaheredignoscituriucomitatultisuldinensir
