3952 6176
235 372 289 440 >ne
764 353 1091 453 1ιιιιιιιιιιιιιιιιιιιίι
1107 355 1356 436 noeriomsrs
1808 381 1853 451 ue

237 497 620 580 interpellarent,pollicitus
634 519 663 559 se
677 497 1045 560 resecclesimredditurum
1059 500 1173 570 Arum,
1189 501 1304 558 anobis
1324 502 1430 574 injuste
1445 519 1655 578 oppressorum,
1680 511 1756 568 morti
1781 514 1868 572 reddi.

238 598 267 650 et
282 596 360 650 mala
375 611 438 667 quse
466 593 652 649 commiserat
668 590 901 648 emendaturum.
917 585 1046 642 Antistes
1098 589 1165 646 dere
1181 591 1337 662 proximos.
1358 592 1498 649 Poenitcat
1523 611 1576 650 nos
1603 597 1712 654 tandem
1735 601 1859 673 aliquando

237 700 316 750 vero,
335 682 505 754 rogantibus
529 699 661 738 annuens
675 679 820 742 iratribus,
833 693 898 733 eum
914 691 1045 731 commn-
1098 679 1242 734 malorum
1263 697 1327 752 quae
1350 681 1510 754 gessimus;
1539 686 1569 739 et
1592 673 1719 742 conversi
1732 688 1764 744 ad
1783 691 1861 748 boni-

237 771 318 827 nioni
329 770 463 826 restituit.
472 771 530 826 Sed
540 787 638 826 comes
647 769 682 824 ad
692 767 890 840 Engolismam
904 779 1046 830 reversus,
1098 783 1180 832 num,
1200 769 1372 840 placabilem
1388 787 1455 826 eom
1469 786 1555 843 super
1569 777 1693 830 nostram
1707 776 1863 850 imploremus

238 859 341 915 domos
356 875 427 932 quas
440 861 607 930 pervaserat
624 855 894 924 destruxit‚diccns:
913 875 927 905 ι(
943 851 973 907 Si
985 852 1047 907 haec
1097 855 1326 914 toremalitiam.
1356 859 1454 932 Neque
1484 859 1574 928 enim,
1605 863 1726 933 quamvis
1745 863 1862 937 indignos,

237 947 357 1003 ecclesia
372 947 485 1020 recipit,
502 947 604 1002 saltem
620 946 734 1001 deserta
743 942 939 1000 inveniantur.
953 961 967 992 u
982 939 1048 1010 Epi·
1097 942 1150 998 sibi
1165 944 1306 1018 supplices
1332 947 1519 1016 aversabitur,
1535 948 1603 1021 quia
1625 953 1666 1006 est
1684 951 1823 1009 misericors
1843 958 1866 1008 et

237 1052 427 1112 scopnssane,
446 1035 491 1091 his
505 1035 620 1104 auditis,
636 1034 743 1090 iterum
758 1030 965 1088 communione
980 1044 1048 1084 enm
1098 1030 1262 1090 miserator.
1277 1035 1468 1092 tacendumne
1483 1036 1571 1109 igitur
1597 1037 1704 1112 iniquas
1728 1040 1865 1112 descriptio

236 1126 351 1202 privans
366 1123 556 1181 vitadecessit.
575 1123 862 1196 Nantinusqnoquea
876 1116 1048 1192 quibusdam
1098 1135 1160 1189 nes,
1177 1124 1206 1176 et
1220 1138 1292 1194 quas
1306 1123 1343 1180 ad
1357 1125 1577 1196 oppressionem
1585 1127 1772 1184 constituimus
1784 1143 1869 1202 paupe

238 1213 508 1289 episcopispecunia
530 1213 672 1288 corruptis
693 1207 894 1268 communioni
907 1205 1047 1274 redditus,
1098 1223 1174 1278 rum,
1193 1209 1230 1264 ad
1245 1213 1375 1266 nostram
1400 1215 1626 1286 nostrorumque
1651 1214 1785 1272 deleamus
1806 1217 1865 1270 salu·

237 1305 268 1362 in
284 1305 420 1361 morbum
431 1302 541 1360 incidit.
553 1303 624 1358 Cum
640 1298 808 1358 verovalida
823 1296 999 1354 cruciaretur
1009 1294 1049 1350 le·
1098 1299 1169 1352 tem.
1184 1296 1258 1352 Nihil
1274 1301 1317 1354 est
1342 1300 1421 1371 quod
1447 1299 1614 1371 timeamus,
1626 1303 1649 1358 si
1670 1319 1733 1360 vere
1756 1302 1871 1375 poniten-

236 1395 302 1466 bre,
314 1392 458 1448 clamabat
475 1410 482 1448 :
501 1414 515 1446 a
543 1392 603 1446 Heu
620 1390 626 1446 t
656 1391 714 1444 hen
729 1389 736 1444 t
753 1405 817 1461 quae
832 1386 982 1442 tormenta
1010 1383 1046 1440 ab
1097 1384 1371 1461 mus,quasipassnri
1378 1387 1539 1461 gravia,qui
1546 1391 1713 1463 pertulimus
1720 1391 1871 1464 granmna

239 1482 368 1538 lleraclio
385 1481 464 1536 illata
474 1481 569 1554 patior
582 1479 589 1534 t
605 1482 667 1552 lpse
683 1493 813 1534 menunc
829 1474 946 1542 cruciat,
960 1471 1047 1544 ipsius
1099 1473 1173 1538 Ouid
1185 1473 1264 1530 enim
1279 1475 1338 1547 peti
1352 1480 1446 1549 potest
1455 1478 1571 1550 gravius
1585 1497 1671 1553 qnam
1697 1483 1727 1536 ut
1749 1479 1873 1536 amittatin

240 1569 309 1644 igne
323 1585 488 1626 consumor
499 1570 619 1626 ldcrtem
633 1571 711 1640 peto,
729 1582 764 1622 ne
779 1565 828 1620 diu
838 1561 1045 1620 malevivam.»
1098 1562 1225 1634 qnodest
1234 1562 1347 1620 charius
1356 1563 1370 1620 ‘t
1379 1563 1528 1630 Quidvero
1543 1567 1625 1624 nobis
1636 1566 1737 1642 poterit
1748 1583 1802 1622 esse
1825 1566 1874 1620 dul·

239 1661 271 1714 ln
287 1658 331 1714 his
343 1656 459 1714 vocibus
473 1656 643 1713 constitutus
658 1653 777 1709 interiit.
791 1650 921 1708 Audiant
936 1646 1046 1720 istaqui
1098 1649 1158 1706 cius
1174 1654 1406 1724 quamnatorum
1428 1653 1569 1712 allectus?
1579 1655 1686 1721 Quibus
1698 1671 1831 1728 porropcr
1842 1655 1877 1710 tol

239 1747 446 1816 sacerdotibus,
466 1746 509 1801 vel
523 1747 581 1801 lieo
598 1743 702 1800 servire
724 1740 914 1815 cupientibus,
926 1737 1046 1810 injurias
1098 1755 1244 1796 annornm
1259 1739 1400 1797 curricula
1415 1745 1515 1814 partos
1527 1759 1707 1800 reservamus
1720 1741 1877 1809 thesauros,si

238 1837 380 1909 irrogant.
395 1835 560 1908 intelligant
578 1834 671 1890 Deum
686 1847 747 1888 esse
761 1829 909 1886 vindicem
941 1826 1047 1897 injuste
1062 1805 1089 1868 Β
1098 1827 1302 1900 praemittimus
1316 1829 1456 1898 haeredes,
1469 1846 1542 1903 quos
1551 1833 1750 1906 optaveramus
1760 1831 1816 1886 lieri
1828 1845 1877 1884 suc·

237 1941 454 2000 oppressorum.
644 1941 647 1946 ·
1098 1916 1731 1990 cessoreslCavendumprolectoestneilliue
1745 1916 1878 1989 evangelici

545 2011 662 2068 CAPUT
676 2009 777 2066 liltllll.
1098 2004 1460 2062 incurramussententiam
1469 2007 1881 2080 divitisqui,innovandohorrea

296 2101 338 2158 De
353 2101 499 2174 Chilperrcr'
506 2118 556 2172 per
568 2098 770 2170 Fredepundem
780 2099 808 2151 in
822 2112 882 2150 suos
896 2096 997 2150 sevitio
1098 2097 1127 2150 et
1141 2095 1346 2168 congregando
1363 2095 1466 2164 multa,
1482 2097 1592 2168 accepit
1614 2113 1783 2169 responsum
1796 2110 1882 2152 senon

240 2245 246 2254 .
273 2184 992 2266 Chilpericusetiamrer‚suggerenteFredegunde
1003 2199 1047 2240 re·
1097 2180 1223 2236 visurum
1241 2181 1318 2237 diem
1336 2183 1494 2240 crastinum
1507 2200 1561 2240 nec
1579 2201 1699 2240 suarum
1721 2181 1882 2256 cognitumn

238 2279 577 2354 gina,proscriptionibus
585 2274 761 2349 gravissimis
770 2273 910 2347 populum
920 2272 973 2328 sibi
983 2273 1046 2328 snb·
1095 2269 1242 2326 haeredem
1257 2285 1365 2326 rerum.
1381 2269 1438 2328 Sed
1452 2271 1669 2344 propitinsjam
1679 2275 1773 2345 potest
1783 2287 1837 2326 esse
1847 2267 1885 2342 qui

233 2369 345 2442 jectum
353 2372 478 2426 atterere
491 2366 586 2439 coepit.
602 2365 664 2430 Qua
673 2364 708 2420 de
723 2378 809 2418 cansa
822 2361 933 2420 multis
948 2361 1043 2434 plebe,
1094 2357 1512 2432 vindicavitetmitiorquamai
1526 2361 1791 2417 nonvindicassot.»
1800 2359 1885 2429 liujus·

234 2457 364 2528 nativum
379 2456 576 2529 relinquentes
586 2449 981 2520 solum,malueruntexsules
991 2464 1043 2504 no·
1094 2446 1175 2502 modi
1190 2447 1353 2504 orationem
1367 2447 1573 2504 circumferens
1589 2445 1888 2520 Fredegnndisregina,

233 2563 283 2602 vas
299 2561 429 2618 querere
444 2543 526 2599 sodes
548 2558 637 2615 quam
662 2535 945 2612 patrios'incolendo
970 2535 1044 2592 fines
1093 2535 1457 2608 transduxitChilpericnm
1472 2535 1887 2610 regemaiuroreanimi,atquc

233 2635 339 2706 injusto
356 2649 441 2688 ruere
456 2631 509 2688 sub
525 2647 615 2686 onere
626 2627 737 2686 tributi.
753 2629 830 2681 lnter
841 2627 946 2680 caetera
958 2641 1042 2679 nam·
1092 2621 1286 2680 intentionem
1301 2624 1362 2695 ejus
1372 2625 1445 2682 adeo
1462 2625 1611 2694 emollivit,
1631 2629 1664 2682 ut
1675 2625 1786 2682 libellos
1804 2621 1891 2696 quibus

233 2739 358 2797 quequae
370 2721 550 2794 cogebantur
559 2721 667 2776 solvere
677 2714 805 2772 liberiori
813 2713 901 2770 etiam
913 2713 967 2768 orti
975 2729 1042 2785 pro·
1092 2711 1219 2768 nefanda
1232 2713 1435 2770 continebatur
1448 2715 1504 2784 lex,
1520 2731 1611 2770 manu
1627 2713 1751 2788 propria
1760 2709 1890 2769 voracibus

232 2811 327 2884 genie,
344 2813 452 2868 eterra
467 2807 585 2883 propria
595 2807 671 2863 culta
686 2806 785 2862 labore
795 2803 969 2876 amphoram
983 2800 1043 2856 vini
1092 2799 1221 2856 traderet
1234 2800 1370 2857 tlammis.
1387 2801 1495 2867 Quibus
1521 2803 1660 2876 peractis,
1672 2801 1776 2875 junior
1801 2814 1890 2858 eorum

235 2900 325 2973 regiae
351 2899 519 2954 inferebant
538 2913 656 2952 mensae.
681 2894 789 2950 llarcus
816 2889 1040 2958 referendarius,
1091 2888 1166 2944 tilius
1181 2888 1258 2944 diem
1272 2889 1355 2946 obiit.
1370 2890 1456 2962 Cujus
1483 2893 1691 2962 corpusculum
1721 2891 1753 2946 in
1779 2886 1890 2946 oratorio

233 2988 301 3060 hnic
316 2986 431 3044 muneri
447 2985 628 3058 prepositus,
644 2983 800 3040 utcunctas
815 2978 977 3052 Aquitaniae
993 2995 1043 3034 nr·
1091 2977 1257 3034 sanctornm
1265 2977 1393 3050 Dionysii
1406 2994 1438 3033 ac
1446 2978 1591 3038 sociorum
1601 2980 1667 3052 ejus
1679 2980 1840 3051 martyrum
1858 2977 1893 3028 est

232 3078 294 3146 bes,
311 3093 375 3149 quae
388 3076 424 3131 ab
436 3090 562 3146 regnum
577 3069 730 3144 chilperici
745 3067 888 3141 respicere
903 3066 1039 3123 videbun·
1054 3066 1255 3140 chumatum.
1269 3067 1325 3122 Nec
1339 3067 1460 3140 longum
1475 3065 1597 3124 {luxerat
1608 3071 1740 3140 tempus,
1754 3068 1893 3136 alterque·

231 3167 289 3233 tur,
304 3164 342 3219 nl
365 3164 425 3219 haec
440 3161 578 3218 solvenda
590 3158 685 3216 verbis
700 3158 744 3212 vel
759 3155 845 3211 minis
863 3155 1007 3222 invitaret,
1023 3171 1041 3210 n
1091 3171 1147 3226 que
1162 3170 1195 3209 ex
1208 3153 1409 3227 tiliissuperius
1419 3155 1801 3224 nominatusClodobertus,
1818 3149 1895 3208 morti

229 3251 429 3309 lemowicinis
443 3250 585 3306 seditione
600 3252 664 3305 orta
673 3245 823 3319 jugulatur
834 3263 842 3314 3
853 3248 883 3301 et
897 3245 969 3302 tomi
978 3244 1040 3300 nni·
1090 3241 1177 3313 coepit
1189 3258 1250 3298 esse
1263 3242 1419 3315 proximus.
1432 3243 1625 3300 Consternata
1641 3247 1741 3300 mater
1755 3241 1844 3300 anxiis
1857 3254 1897 3310 ge

230 3341 303 3396 versi
319 3357 390 3412 quos
403 3355 501 3396 secum
514 3339 628 3394 terebat
642 3332 837 3408 ignocremati
852 3336 930 3389 sunt.
948 3335 1038 3389 Porro
1090 3329 1210 3386 mitibus
1222 3330 1456 3403 languentistilii,
1465 3331 1501 3389 ad
1508 3331 1663 3388 basilicam
1671 3331 1774 3388 Sancti
1782 3324 1897 3388 ltedardi

232 3425 496 3500 Chilpericns,dum
508 3419 1037 3498 pessimisquntidieadjicerctpejora,
1089 3417 1247 3476 Suessionis
1260 3435 1327 3474 eum
1340 3419 1442 3476 defert.
1460 3420 1513 3476 Ubi
1540 3423 1668 3493 uterque
1688 3436 1798 3493 parens
1822 3415 1897 3480 votis,

231 3515 311 3576 lehre
323 3515 460 3586 arripitur
473 3513 576 3570 valida.
591 3514 614 3568 Α
633 3525 770 3586 quocum
790 3509 963 3564 convalescit
974 3510 1038 3564 lan·
1089 3506 1182 3563 aureis
1193 3507 1276 3563 donis
1290 3507 1381 3563 sancti
1396 3507 1578 3566 honorarunt
1593 3505 1839 3582 sepulcr-omaso
1855 3501 1898 3560 ad·

231 3619 332 3677 gnere,
347 3604 482 3676 parvulus
496 3602 557 3674 ejus
571 3600 646 3657 filius
658 3615 712 3656 nec
727 3599 798 3656 dnm
812 3596 957 3670 baptisma
971 3613 1039 3654 con·
1089 3595 1223 3652 veniente
1231 3600 1326 3665 nocte,
1341 3613 1429 3669 eger,
1446 3595 1583 3653 ultimum
1595 3598 1750 3654 exhalavit
1762 3596 1899 3670 spiritum.

231 3696 344 3766 secutus
366 3695 508 3764 aegrotare
524 3690 611 3762 coepit
639 3687 762 3761 gravius.
775 3690 830 3757 Qui
858 3685 1039 3760 baptismatis
1090 3685 1177 3758 Cujus
1200 3686 1285 3742 tunus
1297 3687 1424 3759 praelatoe
1440 3687 1842 3761 urbispopnlus,pullaveste
1856 3683 1900 3736 cir·

231 3781 326 3854 gratia
340 3780 477 3848 imbutus,
493 3779 586 3836 levato
605 3777 751 3852 paulisper
765 3778 964 3843 incommodo,
980 3790 1041 3831 ma·
1090 3775 1290 3845 rumamictus,
1307 3792 1373 3832 cum
1385 3775 1512 3833 maximo
1528 3777 1606 3832 luctu
1622 3777 1663 3832 ad
1675 3775 1830 3834 ecclesiam
1844 3772 1904 3828 Sen-

231 3872 307 3926 trem
322 3868 450 3942 nequivit
462 3867 607 3924 testificare
613 3865 718 3940 gaudio
735 3867 908 3940 pleno.Nam
918 3866 1040 3921 tratrem
1090 3866 1203 3920 ctorum
1218 3863 1340 3936 Crispini
1358 3866 1387 3919 et
1400 3863 1572 3938 Crispiniani
1585 3868 1631 3922 est
1647 3868 1833 3938 prosecutus.
1850 3860 1903 3924 0¹¹⁰

233 3959 294 4031 ejus
308 3958 526 4024 Clodobertum,
542 3955 587 4010 cui
606 3958 677 4010 aetas
687 3957 859 4026 provectior,
875 3971 909 4010 eo
935 3968 1040 4008 conva—
1090 3951 1121 4008 in
1137 3952 1199 4007 loco
1210 3952 1363 4024 pradictus
1372 3951 1448 4024 regis
1461 3952 1535 4009 filius
1548 3954 1753 4010 tumularium
1765 3955 1809 4009 est
1821 3947 1905 4022 scpul-

232 4048 358 4111 lescente
374 4043 752 4102 doluitsimiliaincurrisse.
762 4045 805 4099 lta
817 4041 1042 4114 deniquelatens
1091 4041 1188 4096 turam
1200 4040 1470 4113 adeptus.Seqnenti
1483 4039 1587 4096 abhinc
1601 4058 1688 4098 anno
1706 4041 1784 4098 alius
1802 4057 1835 4096 ex
1851 4033 1907 4091 htiis

233 4135 320 4210 pestis
335 4135 466 4190 intotam
476 4132 971 4205 diffundebaturregiamprolemac
985 4131 1009 4186 si
1024 4147 1042 4185 a
1092 4128 1254 4200 Chilperici,
1267 4128 1594 4198 Theodericusnomine,
1605 4132 1783 4188 terminum
1801 4127 1909 4186 sortitus

234 4222 389 4280 visceribus
404 4221 547 4276 transiens
559 4220 699 4292 paternis,
714 4220 743 4275 in
759 4220 886 4276 tiliorum
902 4219 1042 4276 membris
1092 4221 1135 4272 est
1148 4216 1223 4274 vitae.
1240 4218 1322 4274 Unde
1337 4217 1512 4289 Chilpericns
1524 4218 1632 4275 divinae
1641 4213 1907 4276 animadversionis

234 4309 450 4368 hereditariam
464 4308 754 4364 videreturvellesibi
768 4308 915 4365 vindicare
930 4308 1040 4364 sedem.
1089 4305 1230 4377 judicium
1246 4306 1347 4362 cervici
1362 4306 1516 4362 imminere
1531 4323 1590 4364 snas
1602 4324 1811 4381 cognoscens,
1829 4301 1912 4362 multa

233 4397 364 4476 'landem
379 4395 586 4468 Fredegundis,
603 4395 684 4466 cujm
693 4395 779 4452 toties
790 4396 873 4452 dolor
883 4397 978 4452 lacera
985 4398 1043 4450 tor·
1092 4393 1266 4467 pauperibus
1288 4393 1403 4464 Christi,
1417 4412 1466 4451 seu
1479 4395 1616 4460 ecclesiis,
1634 4396 1772 4469 largitur
1787 4391 1910 4452 donaria.

236 4485 343 4558 quebat
367 4482 663 4556 praecordia,qnoties
691 4487 883 4540 semimortua
907 4485 1042 4540 natorum
1094 4481 1329 4540 Restiteratsane
1350 4483 1443 4540 adhuc
1469 4500 1574 4540 unnse
1600 4485 1691 4557 regia
1705 4485 1808 4557 prole,
1833 4494 1913 4556 quem

235 4571 487 4646 contemplabatur
509 4586 645 4643 corpora,
660 4571 789 4642 pristinae
806 4572 928 4628 feritatis
944 4571 1043 4640 oblita,
1095 4570 1270 4643 Chilpericns
1283 4570 1419 4627 custodiae
1427 4572 1839 4646 mancipatum,suggerente
1854 4569 1914 4624 Fre-

235 4660 357 4732 humani
368 4658 461 4716 induit
479 4657 711 4730 compassionem
723 4660 814 4716 animi
824 4661 1046 4734 ;adiensquere.
1095 4658 1239 4732 degunde,
1255 4659 1418 4716 custodibus
1440 4659 1545 4732 legavit
1556 4661 1767 4734 puniendum.
1781 4661 1824 4717 lta
1837 4657 1914 4714 ellar-

236 4747 486 4832 gem,hojusmodi
495 4747 572 4818 apud
584 4763 651 4802 enm
662 4747 983 4806 babuitsarmonem:«
996 4751 1046 4806 lte-
1094 4748 1556 4821 bueratChilpericusinmalitia
1571 4752 1603 4806 ut
1618 4768 1687 4808 non
1715 4751 1745 4807 ei
1775 4747 1915 4806 sufficeret

237 4839 357 4907 noticiis,
372 4837 477 4912 inquit,
495 4835 598 4892 divinis
626 4841 752 4906 nosmet,
765 4837 806 4894 mi
820 4838 873 4906 vir,
888 4838 1046 4894 benefactis
1095 4837 1195 4914 generi
1210 4837 1272 4910 ejus
1286 4837 1443 4893 imminens
1455 4838 1576 4894 coelestis
1599 4838 1754 4910 vindicta,
1771 4837 1828 4896 nisi
1857 4849 1916 4892 eam

236 4925 411 5001 respondere
424 4923 569 4992 convenit,
591 4940 663 4996 quos
676 4941 802 4998 superna
816 4943 875 4982 non
889 4925 973 4999 punit
988 4927 1044 4982 cle·
1095 4927 1298 5001 augmentaret
1309 4941 1361 4998 per
1379 4942 1431 4981 sua
1439 4926 1579 4983 facinora.

236 5015 356 5083 mentia,
368 5017 449 5071 tauto
460 5015 592 5086 ternpore
606 5018 821 5085 perseverantes
829 5014 1044 5072 inmalitialt'e-
1380 5015 1492 5072 CAPUT
1504 5015 1612 5071 lllllllll.

236 5103 380 5188 queenim
392 5101 506 5174 flagella
532 5101 741 5174 omnipotentis
767 5102 819 5159 Dei
845 5103 1043 5168 sustinuimus,
1092 5103 1134 5160 Dc
1147 5103 1320 5162 inundatione
1334 5119 1480 5176 equorum,
1496 5108 1653 5175 tempestate
1680 5107 1756 5176 coeti,
1770 5109 1920 5162 arramato

236 5193 316 5268 quasi
330 5192 435 5261 rei,sed
450 5191 481 5246 in
490 5189 703 5262 virgatitiorum
714 5191 830 5260 cruditi,
841 5193 1043 5265 propheticum
1345 5199 1370 5248 et
1372 5191 1504 5263 prodigiis
1512 5191 1612 5248 multis.

233 5283 305 5348 illud
319 5282 428 5337 dictum
441 5280 470 5336 in
487 5277 571 5335 nohis
586 5295 684 5336 sumus
698 5279 826 5350 experti:
842 5279 912 5347 Quia
921 5281 1042 5352 stopetlul
1127 5282 1211 5338 Anno
1226 5298 1242 5336 v
1258 5278 1422 5338 Cbidaherti
1435 5279 1511 5352 regis
1522 5279 1579 5352 (qui
1592 5280 1652 5336 init
1669 5301 1777 5341 nonus
1792 5283 1918 5340 decimus

234 5373 369 5441 Dominus
395 5357 513 5426 omnem'
526 5368 616 5439 fitium
645 5385 723 5440 quem
749 5371 842 5441 recr'pit
865 5369 963 5442 (Hele.
980 5371 1040 5442 ant.
1092 5367 1920 5446 ChilpericiatqueCuntrannittantaeluesaquarumpcr

234 5462 304 5530 Ecce
319 5475 445 5532 namque
460 5475 524 5526 nos,
539 5461 569 5512 et
579 5456 688 5512 teribus
702 5461 731 5513 et
748 5457 833 5512 variis
848 5475 924 5530 saepe
949 5461 1040 5516 vexati
1091 5461 1234 5516 universas
1250 5457 1548 5532 regionesiactresunt
1561 5457 1735 5518 Galliarum
1750 5465 1786 5520 ut
1802 5461 1923 5517 flumina

233 5548 454 5612 calamitatibus,
463 5546 714 5620 insupertiliorum
724 5546 872 5619 amplexus
880 5546 1041 5606 emittimus
1089 5549 1239 5616 terminos,
1256 5565 1327 5620 qnos
1339 5563 1489 5621 nunquam
1504 5549 1591 5604 antea
1620 5553 1837 5618 excesserant,
1854 5563 1923 5621 pra·

231 5638 419 5709 eratissimos,
435 5653 507 5716 quos
530 5637 666 5712 lacrymae
681 5635 835 5695 viduarum
850 5637 1040 5712 etorphano·
1088 5635 1483 5712 tergescapeceraquidem
1498 5635 1750 5708 exitio‚nsdittcia
1764 5657 1836 5698 vero
1867 5637 1924 5696 duo
