3992 6180
258 361 322 420 ,nn
751 350 1432 414 ruruuumamscovruuusuauucuusrs
1809 369 1860 424 66

257 496 372 555 semper
395 477 549 534 meditatus
569 478 612 532 est
639 474 797 547 provehere
821 479 850 530 et
876 473 913 530 ad
932 472 1060 546 priorem
1074 481 1184 545 uerat,
1199 492 1323 547 regnum
1339 476 1552 536 Liuthariorum
1563 481 1657 552 petere
1675 483 1807 540 contendit.
1822 487 1861 542 tc·

255 571 363 626 statum
375 566 524 624 reducere.
541 563 711 621 benedictus
718 563 847 632 sitlleus,
859 562 907 636 qui
923 580 953 620 se
968 564 1060 621 hono·
1111 567 1211 622 niente
1224 572 1322 623 autem
1337 585 1371 623 eo
1384 569 1421 624 ad
1436 568 1624 642 urbemque
1639 585 1706 626 nova
1717 570 1862 632 corbeiam·

255 660 352 714 cantm
365 659 395 711 et
408 671 442 710 ex
457 653 542 710 corde
551 652 705 724 diligentes
713 652 819 708 exaltat
828 650 1023 708 adhorrorem
1032 655 1062 708 et
1110 661 1200 718 catur.
1213 657 1249 712 ab
1259 673 1294 712 oa
1306 673 1415 712 nomen
1430 657 1542 722 sortita,
1559 657 1634 714 unde
1650 659 1727 731 cepit,
1740 661 1862 719 scilieetah

255 744 378 802 dedecus
389 761 419 801 se
431 741 639 800 execrantium.
653 741 730 798 Finis
740 740 820 796 venit
833 741 926 797 luctus
936 741 1061 814 tui,quia
1111 744 1158 799 illa
1173 745 1350 800 Francorum
1364 743 1535 800 Latinorum
1548 744 1675 815 Gorbeia,
1690 747 1732 802 uhi
1745 749 1863 820 requiescit

253 833 385 890 salutaris
399 835 495 890 auster
508 831 634 889 amicam
658 829 832 903 temperiem
860 829 912 885 tihi
939 829 1058 886 al’llavit.
1110 836 1223 890 sauctus
1236 833 1314 887 vitus
1330 832 1424 888 infans
1445 837 1474 888 et
1489 835 1600 904 martir,
1617 833 1708 891 inclita
1720 836 1865 908 Guneguudis

254 922 317 978 Non
325 922 376 978 diu
384 922 414 978 in
422 921 557 978 servitute
569 918 711 986 manebis,
723 917 835 991 quiaad
844 917 1059 974 dominandum
1109 938 1161 977 sna
1174 922 1279 992 conjux
1296 921 1322 976 ei
1337 921 1480 991 occurrit;
1495 923 1543 978 ubi
1561 924 1645 980 ambo
1664 925 1864 981 avenerahiliah

252 1011 354 1080 libere,
368 1027 386 1067 o
401 1009 489 1084 Syon,
503 1007 697 1066 renovaberis.
713 1005 769 1064 Sed
792 1005 915 1078 amplius
937 1022 1059 1078 progre-
1110 1011 1175 1065 bate
1187 1009 1353 1066 Thietmaro
1371 1018 1407 1052 ⁸⁰⁷
1425 1010 1499 1084 (621)
1514 1027 1580 1067 curn
1599 1013 1676 1068 omui
1690 1013 1786 1069 honore
1803 1015 1867 1069 susci

254 1099 382 1160 dmmur.
1109 1097 1238 1170 piuutur,
1255 1101 1284 1152 et
1293 1097 1333 1154 ibi
1343 1097 1446 1154 divinis
1463 1102 1493 1155 et
1506 1099 1640 1156 humanis
1652 1101 1782 1169 honorati,
1795 1103 1823 1158 ad
1833 1104 1867 1158 Pa

288 1192 332 1249 ld.
353 1189 461 1246 Omnes
486 1187 537 1262 qui
558 1185 647 1261 priori
670 1184 843 1259 imperatori
870 1183 1058 1252 serviverant,
1109 1185 1313 1243 therbrunnon
1326 1187 1377 1243 leti
1390 1187 1610 1259 proliciscuntur
1626 1187 1867 1262 (liiiiPostealnce,

253 1278 394 1352 Liudgero
401 1279 461 1334 solo
469 1279 641 1332 remanente
653 1276 739 1342 (dliii,
750 1272 812 1345 regi
823 1289 927 1328 manus
938 1272 1059 1344 compli-
1109 1293 1174 1348 quae
1190 1277 1300 1332 mundo
1315 1277 1416 1333 festiva
1430 1276 1522 1333 illuxit
1531 1277 1608 1333 beati
1621 1278 1754 1333 laurentii
1769 1279 1867 1334 martirio

251 1371 329 1436 eant,
345 1367 429 1424 lldele
443 1364 582 1422 auxilium
602 1380 653 1436 per
674 1365 857 1419 sacramenta
872 1361 1057 1417 eonllrmanl.
1111 1369 1197 1436 (Anu.
1224 1366 1403 1438 10)‚u0n1ne
1428 1366 1614 1438 cunegundis
1637 1367 1837 1422 benedictionem
1849 1373 1868 1422 ci

252 1456 390 1512 bolizlaus
412 1458 511 1512 autem
532 1454 705 1510 llisnensem
728 1453 829 1508 urbam
853 1450 1058 1508 tantummodo
1109 1469 1259 1523 eoronam,
1276 1457 1304 1511 et
1317 1454 1425 1527 Sophia
1440 1471 1524 1511 soror
1539 1455 1812 1528 imperatorisaregc
1824 1455 1867 1526 jau

250 1543 457 1602 innumerabili
472 1542 595 1615 pecunia
608 1542 757 1614 acquirere
772 1540 931 1612 satagebat,
948 1541 977 1594 et
990 1538 1059 1612 quia
1109 1542 1265 1598 constituta
1276 1543 1421 1600 abbatissa
1432 1543 1516 1616 (623),
1532 1542 1770 1600 consecrationem
1783 1543 1869 1598 allili-

251 1633 432 1707 oportunitas
445 1631 530 1704 regni
543 1648 603 1688 non
618 1634 691 1699 erat,
710 1629 786 1703 apud
800 1645 901 1700 regem
925 1627 1057 1700 optinere
1107 1630 1169 1704 giso
1185 1639 1221 1674 ⁸⁰⁸
1236 1631 1451 1705 archiepiscopo
1463 1632 1615 1688 humiliter
1634 1635 1810 1705 susceperunt.
1830 1632 1868 1684 Pu·

249 1737 311 1778 non
328 1721 451 1790 valebat,
466 1721 511 1775 vix
521 1719 690 1793 impetrans,
707 1722 739 1775 ut
752 1716 906 1774 noctram
920 1716 1057 1772 squuu·
1107 1720 1215 1776 blicam
1231 1721 1298 1776 inde
1311 1721 1461 1794 consurgit
1470 1722 1622 1794 gaudium,
1634 1722 1718 1796 quod,
1727 1739 1773 1794 pro
1786 1719 1868 1792 pudor!

248 1811 342 1868 celino
356 1809 431 1884 (dlii)
445 1809 574 1877 daretur,
587 1806 708 1864 redditis
723 1805 776 1863 sibi
793 1805 901 1862 liudizi
925 1807 954 1860 et
972 1802 1092 1864 iiiiii-B
1107 1808 1267 1864 admodum
1292 1809 1418 1865 turbavit
1441 1809 1610 1866 insatiabilis
1633 1810 1747 1866 avaritia
1763 1809 1868 1863 Ravana·

248 1899 323 1956 ziani
347 1897 525 1970 regionibus.
554 1897 635 1953 llune
659 1895 808 1952 lleinricus
835 1909 943 1962 comes,
966 1909 1057 1965 nepos
1107 1913 1183 1954 rum.
1200 1897 1243 1952 liii
1259 1913 1386 1970 namque
1405 1898 1501 1970 paucis
1526 1899 1606 1954 dorni
1631 1914 1741 1971 semper
1764 1896 1870 1961 contenti,

248 2005 340 2056 meus,
351 1985 458 2060 oppido
470 1985 604 2058 diligens,
618 2000 802 2058 quocumque
816 1982 904 2039 modo
918 1981 1056 2054 potuitli-
1107 1985 1231 2042 extorius
1245 2003 1312 2042 vcro
1337 2003 1426 2060 prope
1445 1987 1532 2042 modo
1551 1987 1737 2054 insaciabiles,
1757 2003 1812 2042 cum
1824 1983 1869 2038 rici·

247 2078 352 2135 beuter
363 2079 393 2132 et
407 2075 598 2132 amicabiliter
614 2089 683 2130 eum
698 2072 863 2145 adjuvabat.
879 2071 972 2137 Quem
989 2086 1056 2128 cum
1106 2091 1211 2130 norum
1227 2075 1324 2148 lruges
1338 2075 1365 2131 vi
1377 2075 1545 2147 diriperent,
1561 2091 1669 2150 eosque
1682 2075 1735 2131 hoc
1749 2073 1871 2129 delendas·

247 2167 323 2223 bena
338 2167 525 2224 muneratum
540 2166 570 2220 et
583 2179 649 2220 cum
677 2161 794 2218 lieentia
808 2160 887 2234 regis
898 2161 1055 2218 abeuntem
1106 2168 1148 2218 tes
1161 2172 1196 2207 ⁰⁰⁹
1209 2165 1365 2232 caederent,
1376 2181 1474 2237 pugna
1488 2165 1659 2236 gravissima
1679 2163 1790 2219 invicem
1805 2162 1871 2217 oritur

246 2255 446 2322 comitaretur,
457 2255 681 2308 concurrentem
692 2250 762 2308 vidit
772 2252 916 2306 armatam
925 2247 1056 2304 multitu·
1105 2252 1194 2325 (624),
1206 2251 1361 2308 Domestici
1371 2253 1447 2326 regis
1459 2257 1564 2309 exeunt
1576 2262 1625 2321 uo,
1635 2253 1772 2326 indigene
1780 2267 1832 2306 cun
1838 2249 1871 2304 eu.

246 2343 357 2412 dinem,
372 2344 411 2413 et,
421 2339 801 2414 perbeumtestor,absqua
813 2336 1056 2411 regiscousilioet
1105 2340 1231 2396 sentitiis
1250 2342 1423 2414 preveniunt
1443 2344 1472 2398 et
1487 2342 1710 2414 subsequuntur.
1725 2341 1764 2396 Fit
1776 2353 1870 2409 maguus

245 2429 423 2488 conscientia
435 2428 570 2485 adversus
582 2445 611 2483 se
626 2427 838 2500 insurgentem.
850 2425 904 2491 Qui
914 2441 979 2481 cum
991 2440 1055 2480 cau-
1105 2429 1256 2486 uonfliutus
1285 2429 1549 2502 congredientium,
1572 2430 1768 2501 devictumque
1790 2441 1869 2498 agmen

245 2535 308 2575 sam
322 2517 396 2574 tanti
411 2517 550 2573 tumultus
567 2515 752 2588 investigare,
767 2517 806 2584 et,
822 2531 859 2570 ne
874 2514 938 2586 plus
954 2511 1056 2568 damni
1105 2517 1298 2574 Bavariorum
1310 2517 1339 2573 in
1354 2518 1484 2591 regalem
1505 2522 1618 2574 curtem
1633 2519 1715 2590 lugit.
1731 2517 1775 2571 llic
1789 2513 1870 2570 lleiuu'·

246 2607 383 2675 orirerur,
396 2603 531 2662 voluisset
545 2620 741 2676 compescere,
757 2603 802 2659 vix
813 2618 931 2659 securus
940 2601 1051 2658 socium
1105 2625 1164 2676 cus,
1180 2607 1270 2663 irater
1287 2606 1405 2663 Eilberti
1422 2607 1585 2664 cancellarii
1605 2609 1689 2682 (625),
1705 2606 1750 2680 qui
1764 2603 1796 2660 ad
1812 2617 1870 2658 uen-

243 2697 337 2754 lraeta
350 2693 485 2752 exteriori
498 2697 584 2769 porta
594 2692 700 2750 educit.
712 2694 752 2749 lle
762 2691 1054 2766 sequentibusautem
1104 2713 1167 2752 sain
1181 2697 1244 2770 regi
1257 2695 1367 2768 jugiter
1381 2695 1533 2765 serviebat,
1549 2697 1635 2753 hasta
1649 2697 1800 2752 vulneratus
1810 2707 1871 2746 occu·

247 2786 386 2843 militibus
395 2781 771 2856 nonnulliacomprimenti
778 2778 1055 2854 turbasuntpredati
1104 2784 1176 2840 buit.
1190 2785 1382 2859 Quapropter,
1400 2784 1449 2857 qui
1462 2785 1542 2856 prius
1552 2785 1687 2853 aberant,
1700 2782 1798 2840 collecti
1808 2781 1872 2835 Saro-
1948 2791 1949 2850 3

247 2874 367 2949 quidam
381 2879 481 2932 autem
495 2873 656 2932 6666661666
671 2871 801 2939 sauciati,
820 2873 949 2926 mortem
964 2869 1054 2924 aero-
1104 2889 1155 2929 nes
1170 2873 1276 2929 iterum
1290 2873 1468 2942 insecuntur,
1480 2877 1509 2928 et
1523 2873 1553 2929 ni
1565 2873 1625 2929 dur
1640 2872 1809 2929 Bernhardus
1824 2883 1872 2922 cun

246 2963 329 3020 bardi
346 2963 424 3020 ducis
434 2961 538 3019 anulio
554 2961 716 3018 evaserunt.
733 2957 767 3014 lli
791 2974 919 3031 namque
944 2956 1054 3012 curiam
1103 2961 1232 3018 validiori
1246 2976 1335 3017 manu
1350 2960 1462 3017 medius
1475 2961 1676 3029 interveniret,
1689 2954 1873 3016 numerusmili·

246 3051 359 3126 regiam
371 3051 476 3109 armati
490 3050 643 3119 intrantes,
669 3052 698 3108 et
712 3047 748 3104 de
761 3048 815 3104 hac
830 3046 907 3102 exire
917 3045 988 3118 jussi
1004 3061 1055 3100 uo·
1063 3077 1087 3139 C
1103 3053 1166 3106 turn
1178 3050 1308 3106 indultus
1322 3055 1423 3106 mutuo
1436 3051 1561 3107 caderet.
1582 3052 1653 3108 Post
1666 3051 1724 3106 huc
1737 3051 1820 3104 66666
1830 3061 1874 3099 cas·

245 3143 349 3206 lenus,
363 3143 448 3215 culpa
461 3158 512 3198 sua
534 3141 591 3196 tale
613 3137 773 3211 periculum
794 3135 899 3194 merito
914 3134 1056 3191 sustinue-
1104 3139 1187 3212 ligati
1211 3143 1279 3194 sunt
1301 3155 1413 3210 omnes,
1437 3139 1615 3213 quicumque
1638 3137 1755 3195 inveniri
1770 3135 1875 3210 poteraut

246 3235 324 3288 runt.
338 3231 477 3288 Bolidaus
489 3233 588 3286 auteur
600 3228 656 3284 hoc
681 3227 791 3282 laetum
814 3240 876 3282 esse
903 3221 969 3280 dolo
984 3221 1055 3278 mali
1103 3229 1176 3285 tenti
1202 3228 1315 3284 sceleris
1331 3232 1473 3285 auctores.
1490 3228 1646 3285 llestitiam
1661 3227 1782 3302 praesulis
1800 3225 1876 3296 postea

245 3319 357 3377 consilii
369 3325 535 3388 autumans,
551 3316 632 3391 gravi
641 3331 757 3372 merore
772 3311 962 3380 consumitur,
979 3310 1053 3383 regi,
1103 3316 1225 3390 placavit
1235 3317 1457 3373 Bockenevordc
1469 3316 1543 3390 (626)
1558 3334 1576 3372 6
1591 3333 1662 3390 rege
1678 3314 1785 3372 tradita.

246 3408 325 3482 quod
352 3424 411 3465 non
436 3407 608 3480 promeruit,
630 3405 812 3479 imputando.
833 3402 961 3458 Salutato
984 3415 1053 3472 ergo
1142 3405 1184 3461 12.
1198 3406 1258 3461 liex
1273 3409 1371 3462 autem
1390 3409 1471 3462 recto
1491 3405 1597 3462 itinere
1621 3406 1688 3463 hiuc
1711 3404 1746 3460 ad
1764 3399 1877 3468 liiusburg
1947 3387 1948 3433 l

245 3495 379 3554 llainrico
395 3497 483 3569 (626),
496 3499 526 3552 et
542 3494 564 3552 si
577 3511 718 3567 umquam
731 3493 875 3564 indigeret
886 3489 992 3546 auxilio
1002 3505 1053 3544 suo
1103 3495 1276 3569 perveniens
1291 3495 1377 3568 (Aen.
1389 3496 1483 3569 ruod),
1499 3495 1714 3551 liutharienses
1723 3507 1801 3567 quam
1814 3485 1873 3543 tarde

245 3586 369 3642 firmiter
381 3583 535 3658 promisso,
550 3583 677 3657 patriam
692 3581 825 3638 celeriter
838 3577 948 3636 revisit·
966 3577 1053 3634 Cum·
1103 3587 1259 3656 exspectat.
1280 3584 1460 3640 leodicensis
1475 3601 1542 3641 vero
1567 3588 1598 3640 et
1614 3579 1816 3640 Cameracensis
1829 3591 1875 3649 prc-

246 3690 303 3750 que
315 3673 492 3748 pervenisset
503 3673 541 3730 ad
555 3671 680 3729 Strelam
695 3671 809 3740 urbem,
832 3667 965 3741 protinus
987 3681 1053 3722 eam
1103 3674 1177 3728 sulas
1190 3672 1274 3745 primi
1291 3673 1345 3728 huc
1369 3673 1527 3742 venientes,
1545 3673 1790 3748 archiepiscopum
1814 3666 1874 3722 Culu-
1946 3701 1947 3748 i

245 3765 413 3834 incendens,
428 3778 568 3836 magnam
586 3759 805 3818 multitudinem
827 3753 1054 3829 comprovincia-
1103 3755 1875 3834 nienscrndiumurautemexspectantouemcumallius
1946 3761 1947 3799 i

246 3853 318 3910 lium
346 3869 442 3910 666666
469 3851 599 3918 abduxit,
625 3848 747 3906 nuncios
772 3861 887 3921 quoque
911 3843 1053 3917 quosdam
1103 3867 1191 3924 quum
1207 3850 1359 3924 quisquam
1374 3845 1873 3924 crederet.custodiaquapaululuu,

245 3944 410 4011 remittens,
424 3955 621 4016 quoscumque
647 3937 742 4010 potuit
765 3935 828 4006 regi
840 3936 970 3990 avertere
982 3948 1052 3988 con·
1103 3939 1175 3994 sicut
1185 3940 1249 4011 jam
1264 3939 1332 4008 diri,
1348 3939 1579 4010 detinebatur,in
1595 3939 1703 3994 ruentis
1713 3939 1874 3994 secretorum·

245 4031 349 4091 tessdii·
365 4029 449 4096 Quod
462 4045 530 4086 mox
545 4027 584 4085 ud
597 4043 681 4084 aures
694 4024 770 4097 regis
785 4026 939 4098 postquam
953 4035 1053 4094 perve-
1103 4028 1195 4098 deret,
1209 4029 1364 4084 simulabat
1377 4045 1406 4084 se
1421 4029 1458 4085 ob
1470 4029 1526 4084 boc
1541 4031 1602 4084 tam
1619 4045 1684 4086 sero
1698 4027 1733 4084 ad
1747 4024 1814 4098 regis
1827 4033 1874 4093 gri·
1945 4051 1946 4086 i

246 4119 301 4190 nit,
316 4136 383 4176 suos
400 4117 559 4176 familiares
572 4114 721 4172 caritative
731 4111 856 4185 rogavit,
871 4113 903 4165 ut
912 4108 1053 4165 archanas
1102 4117 1174 4173 aiem
1189 4117 1350 4186 accessisse,
1362 4117 1441 4189 quod
1464 4118 1494 4174 in
1514 4117 1686 4190 accipienda
1703 4109 1872 4173 benedictione

247 4200 1054 4282 Sclaviinsidiasperquirerent,etsiheriposset,explo·
1103 4192 1874 4278 linguntluumsihirorvoluissetpreponerelgiturhii

247 4301 358 4355 ratores
372 4298 434 4371 ejus
445 4313 548 4370 capere
563 4295 753 4368 temptarent.
1104 4288 1875 4368 6666666666,6ρί666ρί666166666636666666666Ιί666,

284 4399 328 4456 ll.
347 4393 496 4468 Dispositis
505 4394 602 4466 itaque
613 4387 853 4462 omnibus‚prout
861 4389 977 4461 tempus
986 4389 1054 4443 tunc
1106 4383 1252 4458 iidemque
1265 4381 1453 4440 sacramentis
1471 4382 1624 4439 llrmautes
1644 4397 1733 4455 usque
1749 4379 1783 4436 ad
1798 4371 1874 4446 inuis·

904 4535 1023 4594 vaulAE
1049 4535 1251 4594 accumulas,

284 4679 319 4718 Μ
338 4667 468 4731 itum&
482 4666 640 4726 thoitmaro
657 4671 685 4726 2.
705 4675 741 4731 ⁸⁰.
755 4661 904 4739 willigisio
918 4666 946 4722 2.
962 4669 998 4708 ⁰⁰⁰
1012 4659 1199 4737 prohibentes
1217 4658 1258 4722 A.
1271 4657 1304 4718 S.
1318 4667 1354 4704 ⁹¹⁰
1365 4655 1574 4734 superveniunt
1590 4659 1630 4720 A.
1646 4657 1679 4719 S.

1025 4783 1138 4841 durch.

287 4919 360 4990 ldl8i
378 4918 411 4973 V.
423 4931 509 4991 supra
523 4928 587 4985 cap.
602 4915 630 4969 2.
1106 4903 1137 4960 V.
1175 4905 1406 4978 noquechartam
1415 4903 1538 4962 llainrici
1552 4904 1629 4978 regis
1642 4906 1678 4962 de
1689 4906 1763 4968 lucu.
1774 4903 1835 4971 hug.
1844 4893 1875 4948 li·

289 4991 361 5066 (616)
383 4989 484 5046 l'rater
501 4985 615 5069 videtur
628 4981 716 5066 fuisse
726 4979 864 5038 Boleslavi
879 4978 1019 5063 6666666.
1140 4921 1403 5060 (inardescens.
1419 4976 1586 5045 Quodlind,
1603 4994 1630 5032 a.
1650 4977 1729 5034 1002.

289 5065 367 5138 (626)
385 5061 432 5120 Sc.
448 5061 554 5118 comite
566 5073 588 5112 s.
606 5055 775 5112 marchione
786 5055 931 5110 Bouaria.
1141 5049 1211 5117 (623)
1228 5047 1311 5103 Conl.
1328 5048 1398 5108 ibid.

289 5137 361 5202 itali
380 5133 467 5189 lirror
480 5130 526 5188 hic
540 5127 653 5184 videtur
661 5125 825 5199 singularis,
841 5121 951 5195 (procui
968 5119 1055 5176 dubio
1143 5119 1213 5189 (624)
1226 5118 1296 5174 Vide
1313 5119 1385 5174 ibid.
1794 5181 1799 5192 ι

253 5209 291 5266 ab
311 5205 520 5278 interpolatore
546 5197 727 5267 commissus,
752 5197 801 5269 qui
830 5195 891 5250 haec
906 5191 1006 5250 omnia
1020 5190 1056 5246 de
1140 5190 1213 5262 (666)
1228 5188 1282 5254 Qui
1294 5194 1395 5264 postea
1408 5190 1499 5246 lactus
1516 5193 1560 5245 est
1576 5189 1724 5264 episcopus
1738 5183 1873 5252 Frhrugtt·

254 5277 376 5338 Corbeia
389 5274 533 5333 addidisse
560 5271 681 5340 videtur,
707 5283 773 5324 cum
801 5263 990 5330 Adelboldus,
1006 5261 1056 5343 qui
1105 5259 1151 5316 sis.
1789 5325 1793 5336 Ι
1830 5319 1835 5330 Ι

251 5351 450 5412 thietmarum
464 5343 602 5472 sepuitur,
618 5343 740 5399 Gruouae
758 5336 891 5408 reginam
917 5335 1054 5390 Heinrico
1140 5331 1215 5404 (626)
1228 5331 1437 5401 Bockenlorde,
1447 5331 1513 5388 villa
1528 5331 1715 5403 parrochialis
1727 5330 1754 5384 in
1769 5320 1872 5380 uuuicu

253 5423 409 5479 occurrisse
435 5419 520 5476 dica.
552 5414 619 5481 W.).
647 5413 719 5468 Nam
747 5409 929 5464 Thietmarus
955 5405 1053 5472 abbas,
1104 5403 1261 5482 Arnsberg,
1277 5402 1448 5476 prefectum
1462 5403 1619 5485 bippstadt.
1635 5405 1730 5459 Exstat
1739 5397 1824 5455 charta
1834 5391 1873 5442 iu·

251 5489 410 5574 thietmari
432 5488 671 5571 nostri-patruus,
692 5496 769 5537 anuo
799 5480 876 5560 litut,
900 5477 981 5559 llari.
1010 5479 1053 5544 12,
1104 5477 1245 5602 paratoria
1258 5490 1344 5546 super
1357 5475 1411 5531 hac
1425 5475 1581 5532 donatione
1596 5491 1623 5532 a.
1638 5479 1715 5542 1005,
1736 5465 1825 5526 octob.
1837 5463 1871 5524 il.

254 5565 333 5621 diem
348 5579 379 5618 su
402 5551 725 5630 remumiamohutdl.
737 5549 987 5606 liast1Corbe1ens.
1003 5547 1056 5604 Ne-
1127 5545 1233 5602 orbeue
1244 5545 1321 5604 data.

253 5635 325 5696 crol.
337 5577 418 5692 unii.
430 5633 460 5688 et
472 5629 582 5688 huueh.
600 5625 782 5685 Succeuerat
801 5619 828 5679 ei
843 5619 938 5678 hosed
951 5619 1052 5678 abhas.
