3932 6174
108 413 160 478 bit
740 419 943 484 canonicos
960 421 1131 482 vanains.
1719 427 1771 490 930

107 541 188 610 hant,
198 539 278 599 istius
286 540 424 618 principis
432 558 541 602 nomen
552 547 618 618 post
632 543 843 618 imperatorum
852 545 1012 611 lau-Asibi
1032 547 1095 602 illos
1112 545 1204 616 reddi,
1229 545 1417 620 imploravit:
1441 563 1496 604 noc
1517 547 1650 608 videlicet
1672 553 1768 624 pacto,

109 632 150 686 dis
159 631 311 703 preconiis
318 633 522 705 glorificarent.
534 634 807 709 Croatorumitaque
818 635 911 693 rexad
960 650 1017 706 quo
1031 634 1199 708 priusquam
1214 636 1274 708 ipse
1285 638 1343 694 dux
1359 637 1394 694 de
1410 637 1465 694 illis
1476 637 1569 694 exiret
1581 639 1697 710 fluibus,
1708 645 1769 700 tam

107 737 163 775 suae
177 721 272 793 gentis
293 721 548 796 depopulationem
564 725 667 780 ducem
683 723 831 780 advenisse
845 741 912 796 pre·
960 722 1007 778 ille
1022 724 1269 781 Narrentauorum
1283 727 1419 800 princeps
1429 743 1519 800 quam
1535 745 1637 786 omnes
1651 731 1694 786 sui
1709 748 1771 789 ma·

107 825 238 874 noscens,
248 811 522 868 nunciornmstudio
533 813 779 884 eundemplacare
787 812 911 885 pacificis
957 811 1037 882 jores
1050 811 1105 868 sibi
1120 813 1157 868 ad
1174 813 1410 870 satisfaciendum
1432 832 1485 886 pro
1502 815 1563 872 suis
1576 818 1647 874 votis
1664 834 1770 876 conve·

107 898 183 954 uisus
199 901 243 954 est
255 899 459 973 verbis3quod
470 901 596 959 domnus
611 903 667 958 dux
683 902 803 958 omuino
816 901 911 974 parvi·
961 899 1068 970 nirent,
1087 903 1116 956 et
1141 917 1193 957 nec
1222 919 1340 960 censum
1366 904 1531 977 predictum
1556 905 1651 979 aliquo
1681 908 1768 966 modo

106 987 246 1060 pendens,
273 989 390 1046 eosdem
421 991 542 1048 nuncios
567 991 661 1048 redire
691 991 815 1061 dimisit3
831 992 913 1048 etsie
964 989 1070 1060 exiere,
1091 1007 1144 1046 nec
1155 992 1323 1064 quempiam
1336 993 1494 1050 iterantem
1504 995 1671 1052 Veneticum
1681 999 1771 1055 mole-

106 1078 229 1132 traotarc
244 1093 310 1132 cum
323 1079 469 1151 utriusque
487 1079 582 1152 gentis
590 1080 715 1138 exercitu
730 1080 849 1137 adorsus
860 1084 912 1150 est,
964 1081 1039 1134 stare
1059 1079 1187 1136 deberet.
1203 1081 1282 1137 Tunc
1299 1081 1354 1138 dur
1373 1083 1503 1156 captivos
1517 1084 1639 1141 reddere
1650 1085 1769 1159 jubens,

104 1182 160 1238 quo
177 1165 367 1222 inimicorum
387 1167 481 1224 aditus
504 1169 624 1239 intrare,
647 1171 691 1226 vel
712 1171 814 1244 quibus
829 1187 914 1242 argu·
963 1183 1011 1223 sex
1021 1170 1135 1224 tautum
1150 1169 1320 1238 illorum,ne
1334 1169 1397 1242 ipse
1414 1188 1517 1245 pacem
1527 1173 1668 1242 violasset,
1676 1177 1771 1232 reten-

104 1255 213 1311 mentis
228 1255 345 1312 illorum
357 1257 554 1313 munitissima
567 1259 631 1314 loca
650 1259 796 1315 indemnis
811 1275 914 1331 capere
965 1260 1008 1311 tos
1030 1273 1127 1314 secum
1149 1259 1313 1315 reservavit.
1332 1260 1379 1316 Eis
1394 1261 1530 1330 delinitis,
1548 1261 1584 1317 ad
1605 1262 1676 1320 alios
1696 1264 1770 1320 illius

100 1347 211 1415 posset.
224 1345 301 1400 Tunc
316 1347 509 1418 quorumdam
522 1347 666 1404 relatione
676 1349 777 1405 didicit
787 1350 913 1422 quadra·
964 1345 1090 1417 regionis
1106 1347 1304 1418 subjugandos
1319 1365 1450 1420 gressum
1465 1349 1584 1406 tendere
1599 1351 1771 1426 cepitApud

101 1432 187 1505 ginta
195 1433 428 1490 Narentanorum
444 1436 584 1493 nobilium
599 1439 634 1495 de
651 1437 912 1511 apuleispartibus
965 1434 1181 1490 sauctillaximi
1196 1436 1349 1492 ecclesiam
1360 1437 1501 1510 ospicium
1516 1438 1624 1494 habero
1635 1439 1704 1495 dum
1718 1458 1769 1497 vo·

100 1523 228 1592 peractis
237 1523 375 1595 negociis,
387 1524 424 1580 ad
433 1525 584 1599 propriam
600 1528 671 1582 vello
682 1526 795 1582 reverti.
808 1529 913 1582 Decem
963 1523 1070 1591 luisset,
1087 1523 1204 1580 Cur-zule
1225 1525 1299 1597 (lei)
1317 1527 1408 1582 insule
1425 1527 1604 1584 habitatores
1625 1528 1668 1584 sui
1686 1544 1769 1586 rocu-

99 1627 189 1666 naves
200 1612 369 1670 homiuibus
384 1621 418 1656 ¹¹⁸
431 1617 558 1672 oneratae
574 1616 742 1672 adinsulam
752 1633 816 1688 quac
830 1633 912 1673 voca·
964 1616 1059 1667 santes
1074 1629 1175 1685 parere
1188 1614 1374 1684 jussionibus,
1393 1615 1487 1671 valida
1507 1631 1596 1672 mauu
1617 1617 1770 1691 adquisivit

102 1703 150 1754 tur
161 1699 314 1773 Cazatlb2)
328 1703 380 1758 sub
397 1703 477 1758 omni
487 1704 671 1760 festinatione
682 1705 844 1760 destinavit.
859 1705 914 1784 Qui
965 1702 1770 1776 suequerotestatisubjugavitPretereadumisdomdux

102 1787 172 1844 dum
186 1789 274 1857 irent,
283 1789 360 1846 facili
370 1793 528 1848 certamine
537 1793 655 1849 eosdem
667 1794 903 1866 comprehenden
965 1788 1102 1861 quicquid
1110 1790 1190 1846 cordi
1198 1791 1309 1859 aderat,
1318 1793 1376 1847 Deo
1389 1791 1501 1849 fautore
1514 1793 1550 1848 ad
1559 1797 1657 1850 votum
1668 1812 1769 1853 conso·

104 1881 156 1932 tes.
173 1879 366 1936 Traoransem
380 1882 451 1953 (los)
466 1883 503 1938 ad
519 1883 622 1938 urbem
645 1885 805 1938 accelerare
821 1885 916 1940 volue-
929 1871 954 1934 B
966 1883 1112 1951 queretur,
1122 1880 1271 1951 improbos
1281 1881 1449 1938 Ladaestinae
1461 1883 1561 1939 insulas
1571 1883 1648 1957 (108)
1658 1886 1769 1944 habita·

104 1971 182 2022 runt.
202 1969 332 2025 Domnus
344 1987 471 2044 namque
484 1971 540 2028 dux
556 1971 704 2045 utriusque
717 1974 747 2028 et
758 1972 917 2028 Dalnracia-
966 1969 1044 2023 tssres
1058 1969 1177 2040 aggredi
1189 1974 1308 2026 conatus
1320 1973 1393 2038 esta
1405 1973 1767 2043 qu⁰rt¹111r³bieVess⁰ti⁰b

104 2072 211 2112 uorum
227 2073 261 2114 ac
282 2059 508 2133 Venetiquoqum
534 2061 672 2118 militibus
693 2063 915 2135 circumseptus,
966 2055 1016 2111 illa
1030 2058 1250 2130 pernavigantes
1268 2059 1342 2127 loca,
1358 2059 1483 2130 propriis
1505 2060 1687 2118 facultatibus
1708 2063 1768 2136 pri·

104 2147 916 2224 artodiapreeictamurbemrelinquens‚anquamnam
966 2144 1039 2211 Viti,
1064 2146 1134 2201 nudi
1165 2147 1313 2219 sepissime
1342 2152 1503 2206 evaserant·
1531 2149 1598 2204 Erat
1622 2150 1767 2222 siquidem

111 2253 164 2294 non
175 2238 264 2310 ionga
275 2255 293 2294 a
305 2239 496 2311 [salgi-adema
511 2239 582 2295 urbe
597 2241 670 2312 (104)
689 2239 815 2296 insulam
827 2241 913 2297 advo.
965 2232 1765 2313 eademinsulascopulosispromuuctoriiscircumsepta.

110 2326 156 2382 nit.
165 2327 269 2400 [taqua
276 2327 548 2400 talemlegationem
555 2328 661 2385 civibus
668 2328 785 2385 mittere
794 2329 911 2401 placuit,
964 2322 1041 2378 Licet
1050 2323 1161 2380 aditum
1174 2324 1349 2381 intrantibus
1363 2341 1423 2381 non
1439 2325 1606 2400 denegaret,
1620 2329 1765 2386 montium

109 2419 138 2470 nt
151 2415 171 2470 si
182 2417 377 2488 spontaneum
386 2415 564 2472 famulicium
577 2419 739 2490 persolvere
750 2419 779 2474 et
790 2417 912 2474 fidelita-
962 2413 1061 2468 tameu
1073 2413 1250 2468 sublimitate
1260 2414 1474 2482 ostentabatur3
1485 2432 1501 2471 e
1511 2416 1613 2488 quibus
1622 2433 1695 2472 uuus
1705 2435 1767 2476 mu·

110 2507 162 2559 tem
180 2504 233 2560 sibi
254 2504 356 2576 jurare
370 2507 486 2574 vellant,
503 2506 627 2577 gratiam
647 2506 765 2578 adipisci
781 2509 910 2564 valerent
960 2517 1060 2557 rorum
1087 2501 1220 2558 menibus
1246 2502 1428 2574 turriumque
1451 2503 1592 2560 hedificiis
1619 2505 1766 2576 munibus,

108 2591 267 2662 sinautem,
284 2610 314 2649 se
330 2594 488 2651 certamine
501 2598 634 2668 capturos
650 2597 750 2669 procul
761 2596 847 2652 dubio
858 2596 909 2654 sci·
959 2589 1190 2663 inexpugnabilis
1205 2592 1241 2647 ab
1257 2591 1393 2648 omnihus
1407 2592 1592 2648 credebatur.
1610 2593 1681 2651 Dein
1698 2612 1765 2655 vero

108 2685 177 2737 rent.
192 2683 329 2739 llocvero
345 2682 505 2749 audientes,
529 2683 640 2740 domini
662 2684 715 2752 sui,
741 2683 908 2740 Sclavorum
959 2679 1104 2751 predictus
1129 2678 1263 2752 princeps
1287 2680 1474 2736 multitudiue
1495 2681 1612 2738 navium
1635 2683 1766 2753 collecta,

110 2770 208 2827 scilicet
223 2771 312 2844 regis,
326 2772 486 2846 periculum
499 2772 647 2828 incurrere
662 2772 869 2844 formidabant,
879 2777 908 2831 et
958 2768 1107 2840 quondam
1123 2768 1198 2824 illius
1211 2768 1311 2826 insulsa
1321 2771 1766 2842 portumpenetravit‚mandans

112 2862 184 2916 bato
194 2860 318 2935 principi
333 2861 466 2918 resistere
475 2879 534 2919 non
543 2863 686 2922 valebant.
696 2862 777 2919 finde
786 2867 908 2937 utroque
957 2857 1075 2925 civibus,
1092 2861 1123 2913 ut
1148 2858 1248 2914 relicta
1270 2859 1430 2930 pertinacia
1450 2860 1487 2916 ad
1509 2877 1539 2916 se
1562 2861 1694 2918 venirent
1715 2867 1766 2920 aut

111 2948 268 3006 discrimine
278 2949 376 3025 positi,
395 2950 464 3024 quid
479 2965 565 3024 agero
581 2951 706 3023 poenitus
721 2951 906 3024 ignorabant.
957 2963 1057 3020 pugna
1067 2963 1127 3002 sese
1141 2947 1282 3019 potituros
1297 2946 1474 3013 scirentssui
1487 2948 1592 3004 timore
1605 2949 1763 3018 constricti,

109 3039 225 3096 Turdam
234 3039 419 3096 timoratione
429 3039 529 3096 domni
539 3040 617 3096 ducis
627 3039 716 3109 atriti,
727 3040 909 3097 adstantibus
957 3036 1077 3108 pacifica
1092 3036 1179 3092 verba
1189 3037 1384 3109 protulerunt·
1399 3038 1589 3094 Postmodum
1600 3037 1654 3095 illis
1669 3039 1763 3112 injun-

111 3128 314 3202 ejusdemregis
323 3129 471 3198 militibus,
479 3129 942 3222 etsacramentaetobsequiumC
958 3129 1036 3181 ctum
1058 3111 1113 3180 fuit
1134 3126 1214 3181 nulla
1233 3125 1347 3182 ratione
1370 3141 1472 3200 pacem
1495 3143 1510 3182 a
1533 3126 1604 3183 duce
1626 3128 1762 3202 consequi

110 3203 310 3288 persolverunt.
327 3221 462 3293 Egressus
476 3235 543 3276 vero
558 3219 636 3286 inde,
651 3219 815 3292 levigradae
832 3220 908 3276 insu·
957 3229 1056 3286 posse,
1073 3213 1127 3270 nisi
1143 3214 1288 3270 civitatem
1304 3214 1358 3287 ipsi
1373 3216 1565 3283 destruerent,
1585 3217 1762 3274 destructam

109 3305 220 3380 iratius)
237 3308 353 3366 colones
376 3309 494 3382 egregio
517 3308 582 3365 duci
603 3312 786 3365 occurrentes
812 3326 907 3365 sacia·
957 3319 1024 3360 vero
1033 3303 1256 3375 irreparabilem
1266 3303 1760 3379 inhabitabilemquerelinquerent.

108 3400 200 3454 menig
211 3397 497 3471 prompigsgceruut‚
512 3398 640 3471 Cumque
652 3398 841 3456 Tmopensgm
860 3415 908 3454 ur.
958 3392 1041 3456 Quod
1057 3391 1137 3448 omni
1149 3392 1213 3448 nisu
1229 3392 1323 3448 tacere
1337 3391 1553 3462 interdicentes,
1568 3395 1642 3451 tanti
1657 3396 1763 3452 exerci-

109 3484 170 3542 bem
185 3489 308 3559 peteret,
324 3485 511 3560 abepiscopo
535 3486 699 3559 civibusque
719 3487 908 3543 sacramentis
957 3479 1000 3536 tui
1011 3497 1071 3536 sese
1087 3480 1225 3536 obsistere
1240 3480 1336 3537 adorsi
1351 3482 1513 3536 suntfunc
1524 3482 1614 3538 isdem
1628 3483 1762 3558 princeps

108 3573 534 3644 corroboratusest3iuibisuos,
547 3575 907 3648 quosunteaextaterensi
957 3586 1022 3625 suos
1037 3570 1074 3625 ad
1098 3573 1246 3626 certamen
1267 3586 1422 3643 insperate
1444 3571 1564 3644 illosque
1589 3573 1762 3646 impugnare

107 3661 211 3720 civitate
222 3663 333 3720 misisse
347 3663 481 3732 diximus,
495 3664 616 3720 victores
630 3663 768 3736 repperit.
783 3663 907 3724 {Sclavo-
958 3657 1063 3714 acriter
1074 3657 1168 3728 jussit.
1183 3659 1292 3714 Verum
1308 3658 1375 3730 qnia
1391 3659 1498 3714 arduus
1513 3660 1592 3716 locus
1611 3661 1760 3718 difficilem

108 3765 165 3806 rum
180 3752 270 3808 eiiam
283 3752 359 3825 regis
371 3754 461 3810 frater
475 3753 599 3826 Surigna
612 3752 732 3808 nomine
742 3751 906 3826 aderat,qui
957 3747 1045 3803 dabat
1054 3746 1686 3820 appropinquantibusingressimiaculorum
1697 3751 1760 3806 icti-

108 3840 222 3897 condam
235 3841 591 3915 fraternodolodeceptus,
606 3841 688 3914 regni
700 3840 907 3898 amiseraidia.
956 3834 1009 3891 hus
1023 3835 1120 3891 hostes
1141 3835 1309 3907 aliquandiu
1326 3836 1425 3907 procul
1436 3835 1541 3892 virtute
1554 3853 1612 3908 qua
1626 3841 1762 3909 poterant

108 3925 193 3985 derna.
209 3931 412 4003 lpseuamque
429 3932 581 3987 nonmodo
597 3929 772 3986 sacramenti
790 3929 905 3986 vinculo
956 3939 1089 3980 coarcere
1123 3924 1302 3995 satagebant.
1324 3925 1433 3980 Tamen
1468 3924 1518 3979 ltei
1552 3925 1761 3996 omnipotentis

105 4031 127 4070 se
141 4018 238 4074 eidem
253 4018 318 4074 duci
333 4019 492 4087 associavit,
517 4019 726 4076 verumetiam
753 4017 904 4075 Stelauum
955 4012 1172 4085 dispensacione
1197 4013 1291 4083 major
1318 4027 1385 4082 pers
1409 4012 1549 4068 exercitus
1570 4031 1604 4069 ex
1625 4014 1673 4070 illo
1695 4016 1759 4072 loco

106 4108 262 4173 puerulum,
273 4107 456 4164 karissimam
468 4109 597 4164 sobolem
612 4124 705 4177 suam,
716 4107 769 4164 sibi
781 4124 834 4180 pro
851 4107 905 4164 ob·
954 4102 1032 4157 unde
1053 4101 1128 4156 illius
1156 4100 1330 4156 municionis
1357 4099 1429 4156 ostia
1457 4101 1597 4172 patebant
1617 4100 1759 4174 impetum

105 4189 154 4248 side
169 4195 397 4252 commendavit,
423 4196 768 4269 HiucSpaletinamiioii)
785 4196 902 4252 nobilis·
953 4189 1227 4261 facienteS‚reliqua
1247 4188 1354 4244 montis
1370 4204 1422 4260 per
1442 4188 1525 4244 devia
1543 4191 1759 4257 consendendo,

104 4281 200 4342 simam
213 4287 245 4340 et
267 4285 393 4342 validam
418 4287 531 4352 urbem,
555 4303 619 4360 qum
643 4286 735 4342 tocius
748 4285 903 4342 palmacius
954 4281 1046 4334 turres
1060 4278 1108 4333 ubi
1122 4293 1264 4350 aquarum
1273 4278 1388 4332 vascula
1401 4277 1557 4332 tuebantur
1568 4279 1759 4348 comprehen-

105 4373 267 4448 metropolis
293 4375 415 4442 constat,
440 4373 584 4447 predictus
608 4375 745 4447 princeps
771 4374 901 4444 advenit;
953 4366 1067 4422 derunt.
1088 4367 1119 4422 ln
1139 4365 1243 4438 quibus
1264 4365 1464 4437 consistentes,
1481 4366 1510 4420 in
1537 4369 1650 4423 tantum
1670 4369 1760 4424 lueta-

106 4475 182 4532 quem
197 4463 430 4537 archiepiscopus
450 4479 530 4520 sacro
555 4463 692 4520 infulatus
714 4461 809 4518 officio
835 4479 901 4518 cum
914 4464 939 4524 Ι)
953 4456 1032 4512 mine
1048 4455 1292 4526 comprimebant,
1309 4456 1402 4511 donec
1418 4462 1454 4497 ¹¹⁷
1468 4454 1572 4526 dejecti
1587 4455 1697 4523 auimo,
1713 4473 1759 4512 ar-

106 4551 206 4608 urbana
220 4557 280 4608 tam
291 4552 460 4608 clericorum
471 4552 706 4626 quamlaicornm
717 4551 902 4607 multitudine
952 4546 1007 4602 mis
1022 4545 1264 4618 depositis,nicbil
1280 4544 1406 4617 amplius
1421 4561 1509 4617 quam
1524 4545 1625 4602 mortis
1639 4563 1759 4604 exosum

107 4641 902 4716 excepit,etmissarumsollempniaincelebrans,exvoto
951 4635 1112 4709 periculum
1127 4635 1248 4690 evadere
1263 4633 1343 4689 flexis
1354 4633 1759 4706 exorabantpoplitibus.ltux

103 4724 256 4800 jusjurandi
271 4731 328 4786 [lde
342 4729 439 4787 eidem
467 4747 569 4787 omnes
593 4733 707 4804 placare
722 4732 901 4801 satagerunt.
952 4725 1049 4796 itaque
1066 4723 1182 4795 pictatis
1197 4727 1312 4779 amator
1325 4739 1426 4778 omnes
1446 4721 1522 4778 vivos
1538 4738 1708 4780 conservare
1723 4731 1758 4768 ¹¹⁸

105 4811 344 4876 lamentanorum
359 4819 477 4892 quidem
489 4820 621 4892 princeps
633 4819 901 4893 quadragintasuo-
952 4813 1117 4881 instituens,
1131 4813 1279 4869 civitatem
1303 4815 1417 4868 tantum
1436 4813 1585 4868 devastare
1610 4812 1757 4885 praecepit.

102 4915 160 4960 ruvn
174 4907 203 4962 in
221 4906 417 4979 captivitatem
433 4907 612 4980 mancipatos
627 4911 760 4981 arpertus
773 4909 824 4962 est.
848 4906 901 4972 Qui
952 4905 1014 4970 Ouo
1030 4907 1158 4975 peracto,
1173 4903 1264 4958 victor
1274 4901 1408 4974 prinecps
1421 4901 1513 4956 sancti
1530 4902 1645 4958 llaximi
1659 4905 1757 4960 aeccle·

98 4994 153 5050 suis
167 4995 356 5054 internunciis
370 4995 512 5055 domuum
535 4996 639 5054 ducem
654 4997 792 5054 continua
806 5012 899 5069 prece,
951 4995 1024 5050 siam
1050 4992 1239 5067 reciprocavit
1264 4989 1348 5066 (loe).
1374 4991 1433 5048 lllic
1456 4993 1639 5065 Ragusicnsis
1664 4994 1757 5050 archi·

758 5119 871 5176 tanin
887 5115 1087 5176 semiesas.

136 5223 205 5281 ¹¹⁸b.
222 5226 440 5298 ammonariam
460 5221 485 5276 l.
543 5225 576 5262 ¹¹⁷
592 5219 708 5278 donecl
768 5227 803 5263 ¹¹⁸
813 5233 982 5276 conservare
997 5215 1208 5288 siproscrcptum
1225 5217 1250 5269 l.

875 5314 990 5374 NOTAE.

161 5429 186 5481 e·
223 5425 318 5481 Gauza.
540 5473 546 5484 ,
952 5413 1049 5469 sistit?

135 5426 196 5562 iioi
220 5497 305 5564 rrau,
317 5491 510 5550 aboccidente
520 5493 550 5547 et
560 5487 757 5563 septentrione
766 5484 900 5559 Spalatri.
987 5484 1051 5556 (106
1083 5483 1227 5554 Spalatro.

138 5570 205 5645 liti)
220 5569 296 5624 Olim
312 5564 483 5637 Bologrado,
494 5566 557 5637 jam
571 5562 642 5616 Zara
656 5559 787 5616 Vcccbia.
986 5555 1051 5624 (lov
1084 5555 1213 5636 Curzola.

144 5641 205 5711 titi)
222 5640 323 5695 Utrum
346 5635 490 5707 Novigrad
513 5634 581 5690 urbs
599 5633 722 5699 munita,
748 5648 785 5688 an
811 5630 903 5686 insula
1000 5627 1049 5683 los
1081 5627 1196 5687 busina.

105 5699 210 5783 tassia,
236 5710 317 5783 cujus
338 5708 369 5766 in
392 5708 490 5765 littore
515 5705 655 5779 oppidum
677 5701 812 5776 Neligrad
833 5717 902 5758 con·
998 5698 1048 5756 loe
1079 5698 1110 5754 ld
1123 5700 1166 5754 est
1179 5698 1303 5769 repetiit.
