4006 6178
198 501 250 562 {28
506 497 683 556 sluvnsulu
702 499 726 556 ll
747 497 851 556 PAPAE
870 498 949 556 OPP.
969 495 1061 557 PARS
1078 499 1101 557 1.
1122 529 1160 542 -
1176 499 1224 557 DE
1241 499 1387 558 nusum.
1405 501 1557 559 ulman.
1808 503 1859 561 lul

502 621 614 678 CAPUT
633 619 707 676 xxv.
1016 618 1167 690 Attenda,
1181 624 1210 678 et
1224 621 1357 679 similiter
1371 622 1510 696 superiori
1525 623 1581 681 alia
1591 624 1793 700 componenda
1804 625 1860 680 erit

234 715 283 775 nu
300 713 442 788 planitiem
468 711 544 781 sirpo
566 708 608 764 uel
634 707 767 764 arundine
790 708 971 781 quaerendam.
1059 709 1161 783 ligura.

235 803 403 862 stabiliatur
416 798 528 857 arundo
544 796 616 854 visui
625 795 805 870 {equiparata
816 796 963 853 metientis
978 795 1008 853 in

199 893 325 952 termino
340 888 513 964 epiphaniae,
530 885 576 942 oui
586 887 730 960 jungatur
750 886 842 942 altera
856 885 1009 958 cujuslibet

200 980 370 1060 quantitatis
379 975 564 1050 orthogonali
573 975 697 1043 ratione,
706 991 770 1048 ques
781 974 889 1032 scilieet
896 991 1009 1030 sursum

197 1074 353 1148 J‘ueumque
365 1066 468 1124 tandiu
482 1083 500 1121 a
514 1063 692 1138 planimetra
706 1063 838 1130 dueatur,
857 1063 949 1120 donee
958 1081 1010 1138 per

201 1161 350 1233 utriusque
379 1153 531 1213 arundinis
561 1153 742 1208 summitates
768 1152 915 1224 oppositus
928 1152 1011 1209 limes

201 1247 332 1324 planitiei
349 1247 495 1302 cernatur.
510 1241 572 1308 Quo
600 1241 740 1315 inspecto,
758 1239 820 1314 ipsa
845 1241 1010 1313 conjunctio
1090 1264 1094 1276 ·

202 1337 378 1397 arundinum
391 1331 548 1405 diligenter
561 1334 687 1399 notetur,
698 1332 727 1385 et
733 1330 865 1404 superior
873 1346 940 1403 pars
947 1330 1010 1388 uxre

202 1425 376 1486 arundinisa
388 1419 593 1492 conjunctione
603 1419 791 1498 alteriusrum
801 1421 862 1475 tota
870 1420 1010 1493 suiquan·

200 1516 283 1573 titete
296 1513 492 1584 comparetur,
508 1511 538 1564 et
547 1507 651 1564 eadem
660 1507 841 1580 comparatio
853 1508 1008 1582 pendentis
1347 1511 1460 1567 CAPUT
1477 1512 1573 1569 xxvlr,

203 1597 645 1678 virgaplaniqneincunotanter
653 1596 847 1668 dicatur‚quae
856 1597 1012 1668 superioris

201 1691 291 1768 partis
304 1687 1010 1760 aeonjunctionecumtotaquantitatellxaearun·

203 1779 280 1838 dinis
300 1775 431 1850 superius
456 1773 616 1830 dicebatur.
639 1773 673 1827 Et
696 1776 728 1828 ut
749 1775 855 1830 clarius
873 1773 1011 1830 reddatur
1096 1743 1227 1842 mquam
1246 1741 1839 1843 1³¹³¹¹ffl³⁵‚b''’⁵itq,¹¹⁰,⁵u²t¹¹rff²,maimtis
1857 1758 1865 1799 ²

203 1868 282 1943 quod
301 1861 417 1922 litterali
446 1859 602 1918 inflexione
630 1865 842 1934 computamus,
865 1862 1007 1935 picturam
1061 1831 1098 1900 k?
1115 1832 1274 1887 ⁵¹¹⁸r¹¹¹¹d⁰
1290 1832 1409 1904 fflq¹¹⁸¹¹⁵
1423 1831 1867 1902 ⁵¹¹P²H⁰r¹¹m3⁵st¹¹¹¹⁶³⁰rlh⁰⁸

203 1954 331 2031 aperuit„
362 1952 483 2010 obscum
505 1951 720 2006 monstrantem
746 1950 817 2007 visui
846 1951 1006 2024 pegemium
1021 1920 1204 2009 Bgonaliter
1214 1922 1300 2021 dueta
1315 1939 1342 1984 n,
1355 1921 1415 1976 risu
1432 1919 1578 1978 metientis
1589 1919 1712 2019 tendens
1724 1920 1760 1977 ad
1775 1921 1867 1977 altum

203 2048 411 2118 supponamus.
1057 2026 1111 2083 per
1127 2010 1303 2066 arundinem
1324 2009 1342 2063 lc
1358 2027 1386 2064 a.
1402 2011 1469 2065 Post
1486 2010 1548 2066 haeo
1569 2009 1629 2077 ta,
1640 2026 1659 2063 a
1673 2009 1683 2064 t
1697 2025 1726 2064 m
1740 2009 1867 2082 quantu.

238 2132 282 2189 su
296 2129 408 2188 arundo
426 2129 505 2183 stans
515 2125 585 2181 visui
600 2126 1003 2202 metientisaequiparatanr;
1056 2099 1106 2171 ΡΜ
1121 2098 1313 2172 ΡΓΟΡΟΓΗΟΜ
1330 2098 1511 2198 cf’nferffmt
1525 2097 1695 2198 etsimilim
1709 2098 1866 2198 mtufffl’

201 2220 239 2278 sit
253 2217 387 2293 planities
402 2213 550 2270 metienda
573 2211 621 2268 cd
641 2231 649 2283 ;
670 2215 751 2287 virga
775 2217 1006 2288 orthogonaliter
1056 2187 1113 2257 Μ’
1136 2187 1331 2261 quadruplum
1345 2187 1544 2244 ¹⁰d¹¹b¹t²¹¹¹⁸s
1559 2187 1867 2260 d¹⁰⁸²¹¹¹²th¹¹¹⁸J³m

200 2304 357 2382 pendensi
371 2320 385 2359 e
398 2318 407 2372 3
422 2301 459 2356 sil
470 2300 586 2373 igituro
608 2300 634 2370 l,
656 2302 785 2358 medium
797 2319 841 2362 oc
863 2323 871 2375 3
897 2309 927 2360 er
952 2305 1007 2362 erip
1056 2277 1187 2351 superias
1201 2279 1220 2334 d
1234 2277 1262 2348 h,
1274 2279 1292 2332 h
1313 2296 1340 2347 o,
1364 2278 1484 2350 duplum
1505 2275 1677 2345 discebatur,
1690 2365 1696 2377 ·
1709 2276 1796 2334 modo
1814 2293 1866 2333 au-

1057 2372 1118 2425 tem
1141 2367 1157 2424 t
1180 2369 1209 2439 a,
1240 2369 1257 2424 lu
1285 2387 1312 2436 u,
1339 2368 1533 2441 quadruplum
1560 2369 1774 2440 pronuntiatur,
1800 2369 1870 2423 suh·

1061 2459 1120 2514 lato
1135 2458 1153 2513 d
1168 2458 1196 2524 h,
1210 2456 1246 2512 de
1256 2459 1319 2513 toto
1334 2456 1352 2510 lc
1365 2457 1393 2522 h,
1407 2455 1540 2511 remanet
1553 2453 1571 2508 lc
1584 2453 1612 2522 d,
1630 2453 1708 2526 quud
1730 2457 1773 2509 est
1787 2470 1869 2510 rnen·

1061 2543 1185 2602 surabile
1209 2544 1330 2619 duplum
1354 2543 1450 2600 adlto
1478 2542 1605 2608 Quodsi
1630 2560 1647 2598 o
1672 2542 1701 2606 d,
1721 2542 1739 2598 lt
1758 2561 1785 2610 u,
1809 2543 1865 2610 ki,

1060 2637 1170 2690 statura
1192 2633 1346 2702 metientis,
1363 2649 1426 2705 quae
1443 2634 1485 2688 est
1501 2631 1619 2704 aequalis
1633 2649 1660 2686 m
1679 2649 1709 2698 n,
1727 2631 1786 2686 etd
1796 2647 1820 2698 r,
1836 2633 1867 2685 el

1059 2739 1111 2792 pe,
1127 2722 1183 2778 eth
1209 2722 1235 2791 t,
1261 2720 1495 2778 mensurabiliter
1513 2722 1677 2794 apponatur
1697 2722 1790 2774 totum
1806 2719 1821 2772 t
1836 2737 1864 2784 e,

1060 2812 1138 2884 quud
1154 2815 1198 2867 est
1212 2811 1335 2870 altitudo
1354 2813 1554 2867 mensuratum
1573 2807 1757 2865 nullomodo
1781 2805 1864 2864 dubi-

1218 1655 1323 1726 Fipuru
1340 1653 1376 1710 ad
1394 1653 1708 1727 metiendomptonitienr.

203 3519 224 3574 G

492 3817 605 3876 CAPUT
623 3816 711 3876 xxvi.

291 3943 397 4018 Ftpuro
419 3943 455 4002 od
483 3943 654 4004 nunninus
676 3944 893 4002 munerandum.

239 4069 797 4148 Siquissuperiorisllgureeretroposito
804 4069 1007 4144 vimquapla-
1336 4053 1448 4111 CAPUT
1466 4051 1573 4110 mm·

205 4161 308 4219 nitiem
324 4161 564 4230 mensuravimus,
581 4157 723 4218 subtiliter
735 4157 903 4232 inspexerit,
927 4158 1009 4217 istius

203 4265 319 4324 quoque
334 4249 436 4321 ligures
451 4249 502 4319 vis,
522 4264 579 4323 qua
592 4246 758 4306 altitudines
774 4247 923 4316 metimur,
938 4267 1008 4305 eum

202 4353 319 4413 prorsus
332 4339 425 4394 latare
439 4337 889 4412 nonpoterit.uarumsuimuae
899 4337 1009 4395 distata
1094 4341 1178 4397 Stans
1193 4355 1311 4397 mensor
1325 4339 1354 4396 in
1368 4339 1522 4396 metiendae
1533 4335 1663 4412 planitiei
1680 4336 1862 4396 extremitate

203 4424 343 4499 superiori
351 4425 455 4499 llgure,
467 4431 585 4501 excepto
595 4427 673 4502 quod
686 4425 860 4502 superioria
875 4427 1007 4500 planitie,
1058 4427 1455 4501 componatsihlarundinem
1462 4426 1863 4501 minoremauoelongitudinis

202 4517 265 4572 haec
279 4513 452 4588 operatoria
458 4513 611 4572 altitudine
626 4514 1009 4574 mensuranda.Sitaltitudo
1022 4529 1048 4588 Ι)
1057 4517 1238 4593 prolixitate;
1249 4533 1314 4588 quae
1327 4515 1435 4571 seilicet
1448 4515 1550 4572 tandiu
1564 4515 1760 4573 diversisloois
1772 4515 1864 4589 plani·

203 4605 428 4662 mensurandae
454 4605 487 4673 b;
513 4605 624 4661 statura
646 4603 794 4660 metientis
807 4619 823 4662 c
836 4604 870 4673 d;
885 4605 1007 4672 arundo,
1058 4605 1106 4663 liei
1132 4605 1241 4661 directa
1256 4605 1372 4677 ligatur,
1386 4605 1479 4662 donec
1497 4621 1549 4678 per
1562 4604 1865 4678 summitatemjpsius

202 4710 270 4752 eum
291 4683 358 4768 qua'
366 4693 489 4750 altitudo
514 4693 661 4760 metiatur,
677 4695 788 4749 statura
801 4692 927 4766 longior,
946 4695 1006 4766 ‘si
1058 4693 1879 4767 arundinisaltoraextremitasplanitieiexoppositocer-'

202 4781 850 4856 lineaorlhogonaliterduetaavisumetieutis
861 4797 1006 4853 pararun-
1056 4785 1152 4838 natur.
1161 4780 1515 4858 Quulactomsummitate
1527 4781 1676 4838 arundinis
1684 4783 1866 4854 orthogona·

200 4870 300 4929 dinem
319 4888 407 4950 usque
425 4871 461 4928 ad
482 4869 666 4928 altitudinem
675 4885 694 4944 p
706 4870 730 4925 l.
748 4869 801 4926 llis
827 4871 1006 4942 peractisdp
1055 4868 1091 4928 lis
1107 4872 1284 4943 lineamque
1297 4869 1334 4926 ad
1347 4871 1489 4929 mensoris
1504 4873 1646 4927 staturam
1667 4871 1818 4944 dirigatur,
1834 4875 1865 4925 et

202 4961 240 5019 ad
250 4977 267 5034 9
277 4962 518 5036 (comparantur,
547 4960 577 5015 et
597 4959 700 5016 eadem
713 4960 892 5032 comparatio
910 4959 1009 5016 dlad
1057 4964 1136 5018 loeus
1152 4959 1239 5032 ipsius
1255 4961 1382 5028 staturae,
1398 4958 1427 5016 in
1444 4959 1587 5032 quolinea
1597 4959 1812 5028 terminabitur,
1824 4959 1867 5014 di-

203 5049 477 5123 topronuntietur,
495 5065 560 5124 qnae
584 5049 602 5104 d
628 5065 645 5118 p
663 5049 698 5104 od
720 5067 738 5119 p
764 5049 783 5119 Ι
804 5049 1011 5122 pronuntiaba·
1059 5051 1183 5125 ligenter
1198 5049 1340 5122 signetur,
1357 5053 1385 5104 et
1398 5048 1535 5121 ipsapars
1548 5052 1664 5106 staturae
1675 5049 1711 5104 ab
1724 5050 1867 5122 ipsanota

202 5144 261 5207 tur,
273 5140 306 5198 V.
330 5156 359 5212 g.
382 5138 430 5209 dg
457 5137 494 5194 ad
508 5139 559 5212 ps
570 5138 659 5211 dupla
670 5140 805 5210 ponatur,
824 5140 853 5193 et
880 5153 939 5195 non
955 5137 1009 5193 mi·
1059 5138 1202 5212 usquead
1228 5137 1319 5193 risum
1345 5153 1411 5193 oum
1433 5136 1511 5193 linea
1528 5138 1757 5212 orthogonaliter
1780 5138 1867 5194 ducta

205 5244 273 5295 uus;
288 5227 307 5281 d
316 5227 333 5282 lu
348 5227 384 5282 ad
399 5227 416 5280 lt
435 5244 451 5281 o
466 5225 554 5300 dupla
569 5225 768 5283 indubitanter
783 5226 905 5287 dicatur.
928 5225 1017 5313 Quod¹
1059 5225 1866 5300 conleratur.lltqualiaeomparatioipsiuspartisstoturm

202 5315 225 5370 si
239 5314 257 5368 Ιι
271 5314 300 5382 la,
316 5315 334 5371 t
353 5333 370 5368 o
393 5315 626 5371 mensurabiliter
649 5318 844 5388 comparatur,
870 5331 941 5394 quaa
957 5313 980 5386 d
996 5312 1013 5369 'c'
1031 5313 1197 5372 ‘trontola
1210 5315 1286 5372 linea
1296 5315 1525 5387 orthogonaliter
1540 5315 1626 5370 ductu
1639 5315 1804 5386 habebitur,
1818 5333 1869 5373 ea-

204 5405 322 5461 staturae
335 5393 1010 5480 metientisasqualishabotur,totaaltitud'ojnt,
1062 5405 1129 5462 dem
1151 5404 1329 5478 comparatio
1347 5403 1434 5462 totius
1443 5407 1559 5460 staturae
1569 5403 1606 5460 ad
1614 5404 1765 5478 planitiem
1773 5407 1868 5462 tutam

204 5495 374 5553 mensurata
387 5509 446 5548 non
467 5493 626 5550 dubitatur.
643 5493 700 5550 Sed
712 5493 779 5566 quie
793 5478 1012 5565 putesteve'iiire
1061 5493 1307 5568 pronuntiabitur.
1326 5491 1357 5548 V.
1368 5509 1407 5565 g,
1418 5493 1453 5548 sit
1467 5496 1577 5550 statura
1588 5493 1758 5550 metientiso
1769 5494 1794 5562 t,
1805 5494 1870 5566 pla-

1157 4197 1202 4256 Au
1214 4197 1373 4253 metiendum
1381 4185 1522 4270 planitiem
1532 4209 1578 4268 per
1592 4192 1760 4250 arundinem.

99 5627 103 5634 .
204 5580 390 5660 quodetsit
418 5581 567 5639 interdum
590 5599 650 5639 non
674 5581 810 5650 meabile,
830 5581 852 5642 h
872 5599 891 5649 o
907 5596 1013 5638 nones
1062 5582 1147 5640 nities
1158 5582 1370 5650 martenesie,
1382 5598 1485 5648 canna,
1497 5599 1631 5655 cumque
1642 5582 1869 5653 mensurabitur,

206 5671 327 5731 omnino
343 5670 554 5740 nobisnotum,
575 5672 706 5744 quamvls
730 5670 766 5726 sit
780 5659 1022 5752 proportionale,
1062 5671 1090 5738 d,
1115 5688 1139 5738 e,
1161 5671 1239 5727 linea
1259 5671 1490 5743 orthogonaliter
1515 5670 1600 5727 ducta
1613 5671 1632 5728 d
1645 5672 1669 5742 s.
1691 5669 1786 5735 Quota
1803 5687 1870 5744 pars

204 5777 263 5835 qua
303 5760 341 5820 de
382 5777 468 5819 causa
495 5759 630 5835 planities
665 5760 680 5818 t
719 5763 838 5818 cretro
868 5759 922 5820 erit
950 5777 1012 5818 me·
1063 5757 1151 5818 luerit
1167 5759 1213 5831 os
1235 5759 1295 5832 ins
1309 5759 1337 5828 d,
1365 5761 1426 5817 tota
1449 5775 1517 5834 pars
1538 5759 1628 5818 erito
1655 5759 1752 5817 tint
1778 5777 1802 5818 r.
1826 5759 1871 5818 su
