3882 6170
755 334 957 396 rasennam
974 336 1129 400 nonium
1147 336 1326 398 AUGIRNSIS

793 599 1269 714 cuncutitur

908 821 1145 912 ananau

649 1024 697 1109 iii
753 1023 888 1112 uisus
943 1023 1206 1112 uiriuouom
1257 1025 1433 1134 iusim,

466 1212 562 1292 (Apud
576 1215 668 1286 Perti,
684 1213 861 1274 Monumento
874 1213 1025 1274 Germane
1035 1214 1170 1288 dieterico,
1181 1212 1284 1296 script.
1299 1219 1372 1276 tom.
1389 1216 1432 1285 lv,
1448 1231 1514 1294 pag.
1531 1209 1606 1290 bat.)

895 1367 1174 1384 m

672 1481 1049 1604 ,eunomus
1104 1482 1350 1578 PRAEVIA.

891 1675 1175 1694 m

246 1805 400 1876 Witigowo
414 1804 456 1874 (l)
467 1804 557 1860 abbas
566 1802 665 1876 Augias
675 1801 768 1858 divitis
777 1805 842 1874 post
852 1804 1020 1860 liuodman·
1031 1805 1058 1869 A
1069 1804 1165 1860 notuit
1176 1803 1228 1876 (4).
1241 1807 1271 1860 et
1282 1804 1458 1860 serenissimi
1468 1803 1616 1888 principis,
1630 1803 1759 1876 Leopoldi'
1766 1802 1846 1875 dagni

214 1894 299 1944 num,
317 1874 551 1960 Sangallensibus
564 1873 715 1943 infestum,
725 1874 808 1928 annis
823 1877 938 1930 985-997
949 1891 1021 1948 prae·
1069 1876 1154 1932 Ducis
1174 1876 1318 1943 badensis,
1331 1876 1412 1947 jussu
1427 1875 1570 1948 flagitanti
1585 1875 1656 1932 mibi
1672 1874 1845 1942 transmissus,

213 1948 269 2006 fuit
284 1949 331 2025 (2).
344 1948 430 2017 Cujus
445 1946 523 2001 domi
538 1945 664 2018 lorisque
677 1949 758 2017 gesta
771 1945 910 2001 Purehart
920 1963 1020 2003 mona·
1065 1947 1127 2030 jam
1137 1945 1263 2002 editione
1273 1945 1846 2020 nostraerprinretur.Estmembranaceua

213 2020 284 2076 clius
310 2035 344 2075 cr
369 2019 485 2075 decretu
512 2019 630 2074 Petrum
658 2017 845 2089 augiensium
867 2016 1019 2073 scribende
1067 2020 1128 2073 inb⁰
1148 2019 1354 2089 autographus,
1370 2035 1459 2073 manu
1479 2020 1575 2074 saeculi
1590 2035 1606 2072 x
1622 2018 1848 2073 exeuntiserera-

214 2090 350 2162 suscepit,
373 2093 403 2146 at
425 2102 504 2146 auno
520 2091 571 2145 aaa
593 2090 642 2144 aut
661 2091 723 2156 994,
746 2088 861 2160 incepta
880 2091 965 2160 atque
981 2090 1017 2144 ad
1067 2092 1121 2156 tus,
1134 2089 1170 2144 ab
1185 2088 1372 2160 auctoreipso
1387 2088 1534 2144 hincinde
1550 2093 1703 2155 comecias,
1717 2089 1846 2143 etrelemo

211 2164 268 2220 hoc
292 2167 409 2231 tempus
431 2176 522 2231 usque
545 2159 685 2233 perducta
708 2175 785 2214 anno
810 2160 929 2214 demum
953 2162 1015 2228 996,
1066 2159 1151 2232 paulo
1171 2159 1316 2231 graciliori
1333 2160 1369 2214 ad
1383 2160 1474 2214 ssnem
1488 2161 1652 2242 perductus.
1667 2159 1784 2215 liabetur
1795 2173 1847 2212 ear·

211 2231 429 2290 continuatione
443 2229 533 2296 auxit,
568 2229 1015 2286 ualterOttunislllltomanum
1066 2247 1135 2285 men
1150 2229 1179 2284 in
1200 2230 1298 2285 codice
1319 2248 1348 2284 n.
1365 2229 1440 2298 CCV,
1460 2232 1529 2286 olim
1544 2231 1668 2304 signatu,
1689 2229 1745 2286 foll.
1766 2229 1849 2286 ibat.

210 2302 298 2359 verbo
308 2301 413 2373 attigit.
423 2299 516 2367 Liber,
527 2247 578 2355 si&
589 2298 800 2381 formadialogi
811 2299 887 2354 iuter
896 2299 1016 2357 Poetam
1066 2303 1133 2357 Posi
1151 2299 1264 2356 Alcuini
1288 2301 1461 2374 quaestiones
1483 2302 1512 2357 in
1532 2301 1667 2358 Genesim
1689 2303 1717 2356 et
1737 2299 1850 2382 Capitale

212 2377 242 2430 et
256 2372 379 2456 Aegium
394 2371 521 2427 versibus
530 2369 705 2426 hexametris
724 2373 855 2441 scriptus,
869 2386 952 2425 curas
965 2371 1015 2427 ab·
1064 2372 1295 2444 propositionum
1311 2372 1348 2428 ad
1364 2373 1508 2428 acuendos
1528 2373 1659 2444 juvenes,
1675 2374 1758 2444 etque
1774 2373 1849 2426 inter-

212 2443 289 2501 liatis
307 2461 339 2500 iii
358 2441 529 2513 colligendis
542 2441 626 2496 bonis
643 2441 811 2496 monasterii
826 2441 970 2513 dispersis,
986 2442 1016 2498 iu
1065 2441 1852 2516 pretationemparabolarumSalomonispreceditpujus

211 2512 418 2599 construendis
428 2511 663 2593 adornandisque
672 2511 807 2594 ecclesiis,
823 2515 964 2578 recenset,
973 2513 1017 2569 iti·
1066 2514 1169 2585 primae
1182 2514 1296 2586 pagine
1312 2517 1425 2587 partem
1439 2515 1591 2572 adversam
1605 2515 1716 2588 explet;
1730 2513 1776 2594 sed
1789 2511 1850 2567 libro

210 2581 1015 2727 tttdttttnltttttittitblttstttttttst
1065 2585 1853 2732 ttltttttittltittuttlntttttltlltlttt

212 2729 318 2784 morat.
341 2725 445 2780 Versus
464 2724 596 2806 quisque,
611 2724 861 2806 quemadmodum
885 2741 971 2798 supra
985 2726 1015 2782 in
1064 2726 1210 2782 continuis
1228 2728 1304 2782 male
1328 2727 1489 2798 signantur,
1513 2730 1544 2783 ut
1566 2725 1773 2784 sententiarum
1789 2725 1853 2778 ratio

213 2797 388 2856 llrotsuithin
410 2795 544 2870 operibus
574 2796 715 2864 vidimus,
744 2795 855 2852 duabus
886 2797 1016 2878 partibus
1064 2797 1183 2866 indicat,
1204 2798 1334 2854 numeris
1353 2804 1396 2864 tl,
1421 2794 1466 2866 lt),
1483 2801 1528 2866 79,
1549 2800 1596 2867 80,
1620 2801 1666 2866 si,
1687 2799 1731 2864 82,
1752 2801 1792 2862 lt,
1813 2797 1852 2875 lt,

208 2872 332 2937 consul,
346 2867 377 2928 in
390 2866 528 2928 cumdem
538 2867 600 2924 lere
614 2867 652 2940 [3)
665 2884 769 2924 sonum
781 2867 960 2926 excuntibus.
1065 2871 1110 2936 73,
1122 2869 1167 2936 74,
1184 2873 1228 2934 75,
1244 2871 1290 2936 lb,
1307 2871 1353 2936 83,
1370 2870 1414 2932 ai,
1428 2869 1580 2942 signandae
1592 2870 1670 2938 siut;
1686 2882 1802 2954 querum

246 2941 343 2998 Codex
366 2938 466 2996 unicus
487 2955 522 2994 ex
546 2938 723 2996 munasterio
744 2937 843 3011 Augias
859 2937 952 2994 divitis
970 2936 1014 2994 bi·
1065 2937 1133 2994 dem
1148 2941 1233 2996 71-78
1248 2938 1481 3012 quaternionem,
1500 2942 1587 2999 79-82
1603 2940 1789 2997 duernionem
1800 2879 1855 2992 siin·

211 3011 365 3073 bliothecae
381 3009 580 3066 carlsruhanae
592 3009 696 3079 illatus,
711 3009 856 3067 referente
872 3009 949 3066 socio
962 3010 1013 3065 do·
1065 3010 1154 3078 ciunt,
1171 3012 1204 3066 83
1223 3009 1374 3066 dimidiata
1388 3012 1441 3079 est,
1456 3013 1489 3067 ai
1504 3014 1590 3084 parte
1604 3027 1703 3068 aversa
1717 3006 1855 3088 Parabola-

210 3082 337 3139 ctissimo
348 3084 378 3138 et
392 3081 428 3137 dc
438 3080 697 3154 renostraoptime
707 3081 845 3137 meritos.
859 3081 1015 3149 cildolter,
1064 3095 1130 3136 rum
1144 3079 1260 3137 initium
1277 3081 1401 3138 exhibet.
1417 3083 1493 3150 tam,
1507 3083 1588 3156 justo
1608 3082 1712 3140 ordine
1725 3077 1854 3144 restituto,

209 3151 487 3214 consiliariointimc
498 3155 528 3210 et
537 3150 718 3209 bibliothece
728 3148 1015 3225 praelectomobisin·
1064 3155 1182 3224 poetam
1192 3155 1325 3210 nostrum
1340 3153 1500 3210 audiamus.

512 3304 588 3392 DE
632 3301 826 3392 GESTIS
866 3301 1272 3392 WlTIGOWONIS
1316 3302 1568 3392 ABBATIS.

246 3443 488 3514 Reverentissimo
499 3455 687 3529 llugiensium
699 3457 816 3512 Petrum
833 3456 955 3524 senatui,
965 3455 1020 3529 spi·
1035 3455 1210 3528 chssibilis
1224 3455 1409 3515 oboedientia.
1426 3456 1531 3531 Scripsi
1547 3458 1641 3529 enim,
1656 3460 1749 3515 restra
1759 3455 1860 3511 conclus

179 3601 184 3606 .
210 3545 327 3602 ritatem
342 3545 429 3601 vitam
443 3545 473 3600 iii
487 3544 589 3602 Christi
602 3545 756 3602 dilectione
771 3545 939 3619 possidenti,
951 3548 1019 3602 Pur·
1065 3543 1415 3618 jussione,quandoccpit,
1425 3543 1861 3619 velquoniododominusnoster

210 3635 302 3701 chari,
315 3632 399 3706 jurio
415 3636 502 3691 tantm
518 3631 702 3690 sublimitatis
717 3635 788 3690 velle
807 3651 836 3690 se
852 3637 883 3691 ut
898 3633 1016 3692 inierin-
1067 3634 1239 3690 venerabilis
1249 3634 1337 3689 abbas
1350 3634 1497 3708 Witigowo
1509 3635 1651 3692 virtutum
1668 3633 1766 3691 studiis
1777 3633 1802 3688 io
1816 3631 1862 3684 liec

210 3739 273 3781 rem
289 3722 319 3778 iri
333 3722 467 3780 omuibus
483 3722 611 3780 obedire.
1067 3722 1328 3796 floruitpotestute,
1343 3724 1490 3796 quomodo
1500 3724 1589 3780 etiam
1600 3725 1698 3782 inaure
1712 3715 1866 3796 prelationis

251 3813 347 3869 «Cum
361 3811 452 3868 totius
464 3811 530 3868 lons
540 3810 689 3884 sapientiae
704 3811 1016 3872 rideaturderivatime
1067 3809 1148 3866 initio
1163 3809 1272 3883 praedia
1287 3815 1397 3880 nostra,
1412 3815 1543 3898 temporo
1559 3810 1751 3870 lluodmanni
1765 3803 1865 3864 abbatis

128 3935 129 3938 η
209 3901 296 3960 vestri
320 3901 453 3959 cordium
476 3899 591 3957 fluentis
613 3917 762 3969 emanare,
785 3905 872 3974 atque
894 3903 1016 3960 virentia
1066 3899 1208 3987 captivata
1227 3917 1309 3972 pace,
1325 3901 1361 3954 ub
1379 3899 1557 3957 invasoribus
1573 3903 1691 3976 direpta
1708 3898 1867 3974 penitusque

210 3995 294 4068 prata
308 3993 470 4048 vestrorum
483 3988 642 4046 secundum
657 3989 842 4062 apostolicam
859 4007 1013 4063 regenam·
1065 3969 1184 4055 vastata,
1194 3988 1223 4042 iii
1233 3988 1381 4058 integrum
1390 3990 1569 4063 adquirendo
1580 3987 1720 4058 restituit,
1730 3993 1759 4045 et
1768 3987 1865 4060 quanto

208 4081 321 4138 tionem
332 4080 459 4138 liliorum
473 4078 648 4152 indaganter
657 4078 789 4152 irrigare,
799 4079 899 4148 miror,
908 4097 1014 4138 aurine
1065 4077 1170 4132 ardore
1181 4076 1211 4131 in
1226 4077 1343 4133 seruitio
1357 4077 1407 4133 Dei
1421 4079 1559 4151 flagrans,
1574 4079 1614 4135 ad
1628 4080 1693 4152 ipsa
1707 4070 1865 4134 divinaoifi·

209 4171 314 4228 horum
330 4169 462 4226 omnium
479 4168 706 4235 stolidissimum,
718 4168 766 4242 qui
777 4185 829 4224 nec
840 4169 956 4226 flosculo
969 4187 1014 4226 eir·
1064 4166 1108 4222 cia
1122 4167 1297 4222 celebranda
1311 4167 1408 4240 qualia
1422 4170 1465 4223 rel
1477 4170 1586 4240 quanta
1597 4169 1793 4225 ecclesiarum
1804 4166 1866 4219 tem·

210 4257 368 4316 arescentis
382 4255 442 4312 leni
455 4257 514 4312 ulla
528 4256 640 4312 rabone
654 4273 770 4328 possum
788 4257 962 4329 comparari,
976 4258 1014 4314 ad
1065 4256 1112 4328 pla
1128 4255 1158 4310 in
1170 4255 1342 4328 quibusdam
1357 4257 1393 4312 ad
1404 4274 1457 4312 nos
1470 4258 1687 4329 pertinentibus
1694 4257 1762 4314 loeis
1772 4248 1866 4311 consti·

209 4350 270 4402 tam
287 4342 412 4400 sublime
427 4359 498 4416 opus
511 4343 694 4400 scribendum
703 4344 775 4402 sicut
786 4344 817 4400 in
829 4347 1014 4418 sequentibus
1064 4343 1131 4413 tuit,
1149 4345 1265 4416 suisque
1277 4345 1313 4402 dc
1327 4347 1413 4400 rebus
1428 4347 1650 4420 opulentissime
1668 4346 1786 4404 dotavit.
1805 4338 1879 4406 uuir·

210 4436 331 4509 apparet
345 4433 452 4504 eligere
468 4431 671 4504 dignaremini.
696 4432 754 4491 Sed
773 4449 822 4490 me
837 4436 868 4490 ut
883 4433 1015 4491 existimo
1067 4433 1147 4488 enim
1162 4431 1330 4505 perdecem
1346 4450 1439 4490 annos
1451 4435 1536 4508 hujus
1543 4435 1608 4507 jam
1620 4433 1792 4508 prelationis
1805 4425 1872 4500 regi-

210 4522 293 4590 acire,
309 4524 405 4578 vestre
415 4519 585 4592 paternitas,
601 4537 717 4592 semper
733 4521 848 4592 pietatis
863 4521 1016 4578 visceribus
1068 4537 1136 4576 meu
1153 4521 1303 4576 subeundo
1318 4521 1347 4576 in
1361 4523 1488 4579 hocloco
1501 4523 1602 4578 lecerit
1617 4525 1673 4580 sub
1686 4521 1871 4580 aecclesiarum

209 4609 387 4676 redundans,
398 4608 492 4665 doluit
502 4623 551 4664 nie
564 4623 668 4666 somno
677 4607 801 4682 pigritiae
812 4608 941 4666 deditum
952 4611 1017 4668 iniis
1067 4608 1231 4677 structuris,
1245 4607 1312 4664 etin
1323 4609 1411 4665 variis
1421 4610 1523 4668 diversi
1533 4612 1631 4684 operis
1641 4627 1765 4668 arcuum
1775 4608 1872 4666 colum·

210 4697 388 4767 incumbere,
401 4714 433 4754 ac
443 4693 607 4770 numquam
618 4695 654 4752 ad
663 4697 786 4752 aliorum
801 4701 915 4754 matura
924 4699 1019 4755 studia
1069 4713 1231 4768 nurumque
1248 4696 1393 4766 celaturis,
1408 4699 1437 4753 in
1451 4700 1588 4755 altaribus
1598 4717 1720 4774 quoque
1734 4703 1763 4755 et
1775 4699 1805 4753 iii
1816 4709 1872 4751 cru·

211 4804 260 4846 ine
274 4789 369 4862 ipsum
384 4785 569 4861 provocando
581 4785 695 4858 erigere
707 4801 714 4854 ;
726 4802 758 4841 ac
768 4786 805 4842 ob
820 4786 861 4853 id,
876 4791 908 4842 ut
919 4787 1053 4860 credo,c
1068 4786 1148 4843 cibus
1165 4779 1236 4842 auro
1258 4789 1345 4862 atque
1361 4791 1483 4860 argento
1502 4789 1683 4857 fabrefactis,
1699 4789 1755 4844 illis
1774 4786 1873 4860 quippe

209 4893 269 4935 nori
285 4893 337 4949 pro
355 4876 468 4932 idoneas
491 4873 560 4931 artis
580 4872 694 4947 peritia,
710 4873 760 4929 sed
783 4877 814 4930 ut
831 4875 889 4932 otiu
905 4875 1020 4932 vacanti
1070 4875 1209 4950 preciosis
1230 4875 1386 4933 monilibus
1407 4876 1482 4933 niira
1503 4895 1694 4950 gemmarum
1710 4881 1821 4934 textura
1834 4875 1874 4928 iii·

210 4965 330 5038 alicujus
346 4964 442 5038 operis
460 4961 654 5036 preberentur
667 4963 874 5032 medicamina,
890 4964 1020 5036 injuncta
1068 4965 1162 5033 sertis,
1177 4961 1237 5020 non
1250 4965 1438 5037 pretermittit
1453 4967 1594 5023 intactum
1604 4968 1691 5024 stilus
1703 4969 1767 5024 haec
1781 4963 1875 5022 omnia

210 5057 254 5113 est
263 5053 336 5111 mibi
346 5071 363 5111 a
373 5053 452 5111 robis
463 5053 648 5126 sequentium
657 5067 757 5110 rerum
767 5053 805 5109 ad
819 5053 1019 5125 explicandam
1070 5052 1234 5112 scribentis
1250 5054 1284 5108 Et
1298 5054 1376 5126 quod
1390 5070 1443 5126 per
1455 5055 1583 5128 singulos
1595 5072 1693 5114 annos
1703 5057 1804 5114 fecisse
1817 5068 1877 5126 pra

210 5143 406 5213 scriem,licet
419 5142 528 5212 herilis,
540 5143 611 5200 milii
624 5145 723 5198 tamen
737 5142 833 5198 minus
846 5140 1019 5200 disertoim·
1070 5143 1168 5211 batur,
1196 5143 1225 5198 iii
1254 5143 1474 5218 uniuscujusque
1500 5145 1594 5217 operis
1621 5143 1875 5203 consummatione

981 5289 1095 5347 NOTAE.

244 5417 371 5496 (riwin
393 5415 881 5492 orocatnrincatalogoabbatum
896 5415 1021 5490 lugien-
1070 5415 1269 5472 renssibinou
1304 5415 1569 5488 laneraspondent.

209 5489 296 5562 sium,
307 5489 357 5546 SS.
373 5435 408 5558 fl,
426 5489 470 5546 38.
1072 5559 1078 5571 ·
1106 5488 1145 5560 (tt
1160 5487 1264 5569 brchiv
1279 5433 1319 5570 fi,
1334 5490 1398 5572 ³⁹³:
1417 5521 1451 5572 T‘.
1475 5489 1513 5544 lix
1537 5487 1645 5560 Egonis
1666 5487 1743 5544 libro
1759 5489 1801 5544 De
1817 5483 1878 5540 siris

246 5567 273 5630 (2
299 5563 397 5619 llerm.
416 5561 514 5616 Conlr.
1070 5559 1227 5616 illustribus
1248 5561 1347 5632 Augure
1371 5558 1464 5616 divitis
1488 5577 1550 5634 cap.
1567 5564 1612 5629 it,
1629 5560 1735 5615 laudat
1750 5563 1878 5617 nostruin

244 5635 272 5708 (³
311 5636 383 5690 Nam
401 5651 426 5689 o.
451 5649 470 5706 g
493 5633 559 5702 setin
584 5635 613 5687 et
633 5632 728 5705 fidelis,
754 5631 846 5704 opilius
868 5633 897 5687 ot
920 5631 1019 5698 beatus,
1070 5631 1328 5704 lleiigertioepisc.
1344 5632 1584 5701 Constantiensil,
1596 5649 1625 5704 p.
1638 5635 1771 5700 321,uec
1782 5636 1878 5688 tamen

209 5705 310 5780 secem
329 5709 506 5775 sterterent,
531 5704 623 5763 tandei
638 5707 667 5762 et
686 5703 808 5774 clemens,
824 5703 950 5775 referret
965 5719 1019 5757 me·
1069 5719 1176 5776 poema
1189 5703 1251 5776 ipse
1264 5702 1343 5759 vidit.
