4006 6178
204 343 255 400 lbt
501 336 677 398 sltvnsrm
694 339 718 396 ll
736 337 840 398 PAPAE
859 339 938 402 ΟΡΡ.
965 337 1055 398 PARS
1074 341 1096 396 l.
1117 371 1152 382 -
1170 340 1220 396 ott
1237 338 1384 398 DISClPl..
1403 341 1557 400 llthlEld.
1815 346 1865 402 lili

620 525 641 542 Ι,
1022 471 1118 538 Aque
1137 465 1184 520 ille
1204 465 1281 534 ideo,
1300 465 1368 539 quia
1386 465 1477 522 tribus
1498 465 1583 522 lineis
1602 465 1744 522 distensus
1759 466 1868 540 figuras

516 597 520 604 .
575 543 596 674 ἕ
628 538 646 624 s
1062 556 1213 626 angulatas
1226 555 1384 626 planasque
1399 553 1512 626 primus
1523 554 1621 622 efficit,
1632 555 1699 626 jure
1712 554 1742 610 in
1758 555 1869 611 eisdem

449 649 453 654 ’
1063 643 1162 715 liguris
1175 641 1354 716 principatus
1377 645 1473 699 locum
1496 644 1648 699 obtinebit.
1673 642 1726 707 Qui
1749 647 1778 699 et
1802 644 1868 700 ideo

243 750 273 808 Si
287 751 352 808 dues
366 753 452 808 recta
472 767 533 808 sese
556 749 679 806 invicem
698 751 790 806 altera
809 765 863 823 per
885 750 1012 806 alteram
1063 731 1237 803 principium
1254 734 1284 787 ei
1300 731 1381 803 ‘luasi
1392 732 1569 787 elementum
1580 736 1671 786 0¹⁵²&
1681 733 1711 787 1¹¹
1724 732 1869 804 miniatis

206 840 298 897 dueta
312 842 420 910 secent,
436 841 619 912 autquatuor
631 837 1009 910 rectoselflciuntangulos,
1062 819 1269 920 lignianum
1288 836 1468 892 “ualuitque
1487 837 1588 919 flamm·
1605 838 1688 919 ⁸¹.⁰⁰
1708 837 1870 920 i⁰¹i¹p⁰¹¹⁸‘

206 931 256 983 aut
269 927 341 984 dnos
354 926 520 994 exteriores,
533 926 714 998 totidemque
736 925 890 981 interiores
907 943 943 981 ex
959 927 1013 982 ad·
1062 913 1119 972 [¹1¹5
1135 910 1164 963 θῑ
1176 925 1206 964 ¹¹¹
1222 908 1357 965 eumdem
1373 910 1543 964 Nimiam?-
1560 909 1590 964 Sl
1606 925 1685 964 emm
1709 926 1797 981 ¹ll⁸¹¹¹s
1817 911 1870 964 isi·

205 1031 286 1072 rerse
302 1014 487 1072 sibiiuricem
501 1031 599 1089 [equos
612 1014 750 1080 reddunt,
761 1013 811 1085 qui
824 1018 926 1070 tamen
938 1031 1008 1088 qua·
1061 998 1161 1068 anguli
1184 998 1242 1052 Sile
1256 997 1402 1068 ῑθῑῐῧὲθῦῑ
1424 998 1468 1051 Vel
1492 997 1662 1069 Ρθῦῑᾶἕθῦῑ,
1690 997 1871 1068 hengwite

207 1107 273 1160 tuor
284 1104 369 1160 megs
382 1104 495 1176 angulis
509 1107 576 1160 sung
589 1103 724 1176 Quales,
742 1102 797 1158 boc
810 1104 898 1159 modo
917 1120 924 1159 :
1061 1101 1114 1140 ceu
1134 1088 1306 1141 caeterorum
1328 1085 1511 1158 sequentinm
1535 1084 1794 1157 multiangulorum
1821 1104 1872 1141 su·

1061 1173 1221 1245 perficiem,
1240 1173 1269 1229 id
1283 1176 1326 1228 est
1340 1189 1439 1228 aream
1464 1173 1595 1228 mediam
1618 1177 1724 1246 puncto
1738 1173 1873 1247 designa-

1062 1262 1145 1330 veris,
1159 1265 1188 1317 et
1201 1262 1238 1318 ab
1254 1262 1358 1318 eodem
1375 1265 1481 1333 puncto
1497 1261 1534 1317 ad
1548 1263 1871 1334 angulosrectaslineas

1062 1348 1224 1418 deduxeris,
1241 1366 1479 1422 unumquemque
1496 1367 1598 1406 eorum
1614 1369 1647 1406 ex
1660 1353 1704 1407 ιοι
1723 1351 1872 1422 compesi-

739 1471 753 1492 ι,
1063 1439 1124 1492 tum
1138 1441 1167 1492 et
1185 1438 1213 1492 in
1227 1441 1271 1494 tot
1285 1438 1446 1510 triangulos
1461 1437 1583 1494 divisum
1599 1438 1777 1511 pernotabis,
1801 1443 1873 1512 quot

783 1507 788 1530 ¹
901 1533 905 1542 '
1064 1526 1124 1599 ipae
1146 1528 1313 1582 constater
1336 1526 1458 1600 angulis.
1485 1527 1677 1582 Nameodem
1695 1527 1784 1583 modo
1809 1527 1872 1598 ipse

1062 1613 1221 1686 triangulus
1236 1613 1265 1669 in
1285 1616 1344 1669 tres
1365 1614 1436 1670 alias
1455 1615 1636 1687 triangulos3
1653 1618 1822 1688 tetragonus
1838 1615 1872 1670 in

1062 1704 1098 1773 43
1113 1705 1295 1776 pentagonus
1311 1702 1341 1757 in
1363 1706 1392 1770 5;
1413 1703 1519 1776 aliique
1541 1707 1694 1771 sequentes
1717 1705 1799 1776 juxta
1816 1721 1873 1759 nu·

1027 1783 1177 1850 Bmerum
1190 1792 1363 1863 angulorum
1374 1807 1493 1848 suerum
1506 1791 1536 1846 in
1561 1792 1722 1864 triangulos
1739 1792 1875 1848 dividun-

249 1886 318 1942 lluae
331 1885 417 1940 rectae
430 1883 516 1940 lineae
531 1881 634 1956 aequali
650 1897 708 1936 ase
720 1877 843 1935 invicem
859 1874 951 1949 spatio
967 1871 1013 1928 in·
1064 1885 1120 1938 tur.
1137 1880 1190 1937 Ubi
1200 1879 1343 1936 subtiliter
1357 1878 1387 1934 id
1402 1879 1490 1934 etiam
1503 1879 1648 1948 assultui,
1661 1880 1730 1951 quia
1742 1880 1772 1936 in
1782 1881 1874 1938 trian-

210 1971 345 2029 ductione
358 1987 409 2026 sua
423 1971 562 2027 distantes
577 1973 606 2026 et
620 1967 805 2024 ininflnitum
819 1964 923 2032 ducta,
938 1979 1012 2019 nun·
1064 1971 1147 2043 gulas
1157 1969 1294 2040 cujusque
1310 1983 1412 2023 aarum
1426 1967 1579 2037 divisibili,
1593 1985 1644 2040 per
1656 1969 1873 2042 triangulorum

210 2077 297 2136 quam
310 2059 434 2115 invicem
448 2061 652 2116 concurrentes
661 2055 809 2131 parntetiae,
826 2054 856 2110 id
875 2057 919 2109 cst
932 2069 1013 2126 aeque
1064 2075 1179 2134 quoque
1194 2058 1308 2128 regulas
1331 2055 1554 2130 uniuscujusque
1575 2074 1677 2115 eorum
1694 2076 1711 2114 a
1726 2059 1874 2132 diligenti-

210 2149 351 2205 distantes
366 2147 511 2217 dicamur,
526 2147 567 2203 ita
582 2163 588 2203 :
1064 2150 1117 2205 bus
1131 2146 1288 2204 embadum
1301 2145 1424 2202 inveniri
1439 2147 1536 2217 possit.
1549 2147 1644 2213 Quare
1658 2149 1727 2205 satis
1742 2151 1870 2221 cuipiam

1064 2241 1159 2311 potest
1194 2233 1333 2292 declarari
1368 2235 1500 2290 omnium
1530 2238 1684 2310 planarum
1710 2239 1872 2311 ligiuarum

1065 2325 1243 2397 triangulum
1259 2321 1435 2396 principium
1448 2340 1518 2380 esse.

288 2418 945 2444 -—---·-----

245 2625 328 2693 Quod
346 2625 463 2682 sirecte
477 2623 555 2680 lines
568 2622 605 2680 ah
620 2636 680 2678 una
694 2620 731 2676 ad
749 2618 835 2676 aliam
850 2617 936 2675 ducta
950 2613 1012 2670 fue-

210 2715 260 2784 rit,
272 2718 322 2772 aut
332 2718 426 2770 rectos
440 2713 563 2785 angulos
575 2713 710 2784 quatuor,
726 2707 776 2763 ubi
788 2704 883 2778 tangit
904 2719 962 2771 eas,
976 2702 1015 2758 el·
1369 2681 1385 2832 ζ
1433 2471 1479 2862 ξ
1520 2685 1540 2860 ζ

211 2803 298 2871 ficiet,
311 2805 362 2860 aut
374 2800 497 2859 totidem
511 2799 597 2856 rectis
619 2813 728 2870 aequos,
745 2795 829 2852 binos
847 2791 955 2850 scilicet
968 2789 1015 2845 in-

210 2889 342 2960 teriores,
364 2889 507 2962 binosque
522 2886 683 2943 exteriores
697 2883 750 2940 sibi
774 2900 809 2938 ex
823 2880 954 2955 opposito
969 2878 1014 2933 in·
1375 2913 1487 2970 CAPUT
1506 2911 1562 2966 vn·

210 2981 304 3038 limi
319 2978 445 3053 “ludu
457 2976 554 3034 “hier
567 2991 574 3032 ²
1298 3003 1337 3058 De
1352 3001 1483 3076 speciebus
1497 3001 1640 3072 lrianpnti.

1030 3068 1054 3129 C
1101 3096 1149 3152 list
1163 3097 1261 3151 autem
1277 3091 1438 3163 trinepotes,
1456 3088 1505 3162 qui
1519 3093 1548 3144 ct
1558 3091 1682 3160 tripentis
1696 3091 1753 3150 sive
1762 3097 1875 3168 tricien-

467 3151 531 3262 σῐῑζ
733 3132 741 3260 Ι
1066 3203 1110 3240 rns
1125 3184 1241 3252 dicitur,
1257 3182 1443 3256 planehgura
1453 3177 1545 3234 tribus
1557 3179 1644 3236 rectis
1656 3180 1738 3238 lineis
1754 3184 1811 3242 sire
1826 3189 1873 3246 la-

1067 3273 1175 3330 teribus
1189 3276 1218 3328 et
1229 3271 1350 3328 tetidem
1361 3267 1473 3342 angulis
1485 3267 1650 3326 terminata.
1662 3269 1874 3347 Hujusspecies

248 3354 368 3409 P⁰³³⁰¹¹2
379 3350 498 3424 (lumem
509 3351 539 3405 ⁰²
553 3349 609 3406 ⁸11³
624 3345 765 3403 ⁰⁰¹¹¹¹¹¹¹¹³
779 3343 815 3400 ‘¹⁰
828 3342 911 3400 ¹5⁰⁰i⁵
926 3344 1015 3398 etan·
1066 3367 1124 3419 tres
1140 3365 1217 3430 sunt,
1243 3359 1417 3432 oratopom'ns
1440 3356 1556 3424 scilicet,
1582 3360 1610 3413 et
1629 3359 1816 3434 amplipanins,
1829 3369 1875 3422 at-

213 3441 287 3515 gulis
301 3437 424 3496 inveniri
440 3440 470 3494 et
484 3435 549 3493 diei.
567 3435 625 3492 Sed
636 3434 697 3491 haec
710 3431 944 3508 ingredientibus
957 3430 1016 3487 sui·
1067 3469 1122 3526 que
1138 3451 1296 3522 ommim,

212 3529 298 3585 51⁰⁶?ss
312 3525 420 3602 putari.
1102 3539 1288 3611 Ortlrppanins
1304 3539 1348 3592 est
1362 3535 1523 3607 triangulus
1538 3551 1629 3592 unum
1648 3541 1760 3596 rectum
1777 3559 1875 3614 angu-

533 3629 644 3687 CAPUl'
662 3629 696 3687 v.
1065 3628 1247 3687 lumbabans
1259 3630 1288 3682 ct
1302 3626 1374 3683 duos
1388 3627 1498 3692 acutos,
1515 3622 1631 3680 taliter:

212 3721 266 3780 His
281 3719 363 3779 tritus
375 3718 469 3792 anguli
481 3719 610 3793 speciebus
626 3719 712 3776 omnis
729 3715 873 3788 crapulata
894 3717 1014 3775 censitis

245 3820 252 3832 ·
566 3809 666 3880 fipnra.
1331 3765 1500 3912 L}

248 3903 280 3958 ln
294 3899 429 3958 omnibns
443 3914 525 3972 erge,
539 3903 572 3954 ut
588 3897 697 3954 dictum
715 3900 769 3968 est,
790 3899 883 3972 planis
902 3896 1012 3970 figuris,
1099 3958 1101 3964 ,

212 4009 278 4067 quac
292 3990 412 4064 quidem
424 3989 569 4063 angulatae
587 3991 666 4058 sunt,
682 4004 772 4045 unam
798 3990 844 4044 vel
866 3988 947 4057 duas,
970 3987 1012 4044 vel
1098 3990 1212 4045 hrecto
1225 3992 1324 4046 autem
1337 3992 1456 4064 angulo,
1470 4006 1557 4063 quem
1570 3989 1668 4058 habet,
1681 4005 1789 4046 nomen
1800 4006 1871 4064 pos-

212 4085 290 4140 certe
305 4097 407 4138 omnes
418 4081 471 4136 bas
480 4081 656 4153 angulorum
665 4079 775 4154 species
788 4079 951 4136 necessario
966 4078 1012 4134 in·
1063 4077 1146 4134 sidet.
1162 4077 1265 4137 Ortian
1280 4080 1387 4154 quippe
1401 4080 1497 4136 Grrece
1510 4083 1636 4135 rectum:
1644 4095 1713 4150 pane
1725 4080 1869 4151 angulum

211 4171 294 4228 renis
305 4188 313 4241 ;
325 4187 424 4238 ιιιιιιιιι,
439 4171 471 4226 ιιι
484 4169 717 4242 omnesangulos
727 4169 955 4226 rectosbabeant
965 4154 1015 4224 anit
1064 4169 1157 4224 senat.
1172 4167 1241 4224 lnde
1260 4167 1439 4240 Ortlropenins
1456 4169 1538 4242 quasi
1557 4167 1735 4238 rectiangulus
1750 4167 1867 4226 dicitur.

210 4259 641 4326 bebetesemnes,relon1nes
661 4261 774 4328 scutos;
792 4257 873 4325 duas,
896 4259 927 4313 ut
943 4256 1014 4314 alies
1100 4257 1292 4331 Amptipenins
1316 4261 1359 4314 est
1378 4259 1539 4330 triangulus
1560 4274 1652 4315 unum
1675 4258 1811 4316 hebetem
1839 4267 1871 4316 et

213 4348 337 4422 angulas
348 4347 442 4404 metes
451 4347 588 4417 babeant,
602 4345 673 4402 alies
689 4351 798 4415 acutos,
813 4348 864 4403 aut
878 4346 950 4402 alies
962 4346 1016 4401 be·
1026 4391 1054 4450 D
1066 4345 1138 4403 duas
1150 4351 1247 4404 acutas
1261 4348 1371 4404 habens
1382 4348 1514 4420 angulos,
1532 4347 1592 4404 ita:

211 4437 304 4507 betas,
315 4435 386 4492 alios
399 4438 507 4502 acutos,
522 4438 571 4490 aut
585 4436 656 4492 alias
668 4439 771 4504 rectos,
784 4435 856 4492 alios
870 4435 991 4491 hebetes
1006 4453 1014 4505 3

213 4541 327 4596 omnes,
342 4526 374 4580 ut
388 4526 418 4580 et
430 4525 535 4588 rectus,
551 4525 580 4578 et
594 4522 684 4578 hebes
696 4527 726 4580 et
746 4528 855 4594 acutus,
876 4523 954 4597 qued
978 4527 1021 4581 ta·
1323 4470 1646 4576 Δ.

212 4629 282 4671 men
296 4613 388 4670 rarius
401 4611 507 4682 creuit,
527 4615 559 4668 ut
573 4611 603 4666 in
617 4627 675 4667 una
695 4612 792 4686 aliqua
806 4613 971 4670 inveniatur
987 4613 1018 4668 ll·
1104 4612 1158 4680 Qui
1170 4620 1198 4672 et
1211 4616 1272 4689 ipse
1287 4618 1322 4674 ab
1337 4619 1441 4676 hebete
1457 4622 1564 4693 augule
1579 4637 1630 4677 suc
1646 4617 1806 4676 identidem
1826 4633 1874 4674 ac·

103 4727 105 4734 v
212 4719 295 4777 gnra.
309 4701 391 4769 Quod
404 4704 498 4757 totum
508 4699 650 4774 posterius
664 4699 695 4756 in
708 4717 809 4757 earum
823 4701 891 4758 satis
909 4702 1018 4759 forma·
1068 4704 1145 4776 cepit
1158 4705 1341 4765 vocabulum.

211 4791 340 4849 tionibus
360 4789 488 4848 clarebit.
506 4788 587 4844 Nunc
597 4789 660 4861 jam
686 4789 722 4846 de
745 4790 895 4861 trranpale,
918 4791 1016 4865 quiin
1105 4794 1262 4866 Onppenr'ns
1273 4800 1372 4853 autam
1390 4802 1434 4854 est
1451 4799 1612 4872 triangulus
1627 4800 1763 4857 omnihus
1779 4797 1873 4854 acutis

212 4879 306 4954 planis
317 4877 716 4952 ligurisnaturaliterprimus
731 4879 865 4949 occurrit,
890 4895 1017 4954 sequens
1069 4884 1183 4957 angulis
1197 4885 1417 4959 determinatus,
1433 4888 1497 4947 ita:

211 4966 287 5025 ratic
299 4967 548 5042 possidebuntur
562 4965 681 5039 aggredi
696 4967 837 5024 tenhbit.

524 5073 637 5132 CAPUT
654 5073 700 5128 Vl.

409 5163 451 5221 De
460 5163 661 5238 principalitate
680 5163 821 5248 trianguli.
1403 5161 1431 5360 ί
1519 5161 1544 5362 ἶ

250 5251 423 5326 Trianpntns,
437 5256 469 5310 ut
480 5253 512 5310 in
529 5251 722 5310 arithmeticis
734 5251 801 5308 satis
820 5267 838 5308 a
856 5251 956 5311 Boetia
971 5251 1019 5310 de-

215 5345 357 5402 claratum
371 5345 424 5407 est,
436 5343 502 5400 ideo
514 5343 669 5416 planarum
685 5341 859 5415 principium
873 5342 969 5398 existit
982 5343 1017 5398 ll·

215 5433 498 5510 gurarum,quiatria
507 5429 819 5507 primumrectaelinese
832 5431 1015 5504 superficiem
1104 5433 1185 5490 Unda
1201 5435 1239 5492 ab
1255 5440 1349 5506 acuto,
1365 5437 1512 5511 quiaaepa
1526 5443 1622 5510 senat,
1639 5443 1800 5516 appellatus
1816 5446 1873 5499 est·

215 5541 267 5582 seu
280 5523 464 5581 latitudinem
483 5522 610 5595 aliquam
627 5522 746 5596 possunt
763 5518 923 5580 includere.
945 5521 1014 5578 lines
1067 5521 1117 5578 llic
1130 5539 1197 5580 vero
1212 5527 1242 5581 et
1257 5527 1341 5584 unias
1359 5527 1463 5601 speciei
1482 5530 1604 5601 angulos
1623 5532 1653 5588 et
1670 5547 1754 5605 equa
1775 5531 1871 5590 latera

216 5612 323 5692 quippe
332 5614 419 5672 recte
432 5609 504 5670 nihil
517 5613 638 5685 perstant
651 5607 736 5686 spatii
755 5608 947 5684 circumdare,
965 5611 1012 5668 at-
1065 5612 1299 5686 patasthabere:
1314 5615 1393 5692 qued
1405 5615 1436 5676 in
1449 5616 1592 5694 prioribus
1617 5619 1739 5681 omnine
1755 5624 1800 5682 est
1811 5619 1866 5682 im-
