<?xml version="1.0" encoding="UTF-8"?>
<!DOCTYPE html PUBLIC "-//W3C//DTD XHTML 1.0 Transitional//EN"
    "http://www.w3.org/TR/xhtml1/DTD/xhtml1-transitional.dtd">
<html xmlns="http://www.w3.org/1999/xhtml" xml:lang="en" lang="en">
 <head>
  <title>
</title>
<meta http-equiv="Content-Type" content="text/html;charset=utf-8" />
  <meta name='ocr-system' content='tesseract 3.04.00' />
  <meta name='ocr-capabilities' content='ocr_page ocr_carea ocr_par ocr_line ocrx_word'/>
</head>
<body>
  <div class='ocr_page' id='page_1' title='image "./patrologiaecurs96unkngoog_0095.png"; bbox 0 0 3936 6172; ppageno 0'>
   <div class='ocr_carea' id='block_1_1' title="bbox 123 361 1777 430">
    <p class='ocr_par' dir='ltr' id='par_1_1' title="bbox 123 361 1777 430">
     <span class='ocr_line' id='line_1_1' title="bbox 123 361 1777 430; baseline 0.004 -6"><span class='ocrx_word' id='word_1_1' title='bbox 123 361 169 428; x_wconf 80' lang='lat' dir='ltr'><strong>tas</strong></span> <span class='ocrx_word' id='word_1_2' title='bbox 640 363 686 425; x_wconf 84' lang='lat' dir='ltr'><strong>DE</strong></span> <span class='ocrx_word' id='word_1_3' title='bbox 701 363 866 424; x_wconf 78' lang='lat' dir='ltr'>CORPORE</span> <span class='ocrx_word' id='word_1_4' title='bbox 880 365 924 426; x_wconf 77' lang='lat' dir='ltr'><strong>ur</strong></span> <span class='ocrx_word' id='word_1_5' title='bbox 937 362 1110 427; x_wconf 74' lang='lat' dir='ltr'><strong>sanamus</strong></span> <span class='ocrx_word' id='word_1_6' title='bbox 1128 361 1259 426; x_wconf 78' lang='lat' dir='ltr'><strong>domm.</strong></span> <span class='ocrx_word' id='word_1_7' title='bbox 1724 362 1777 430; x_wconf 66' lang='lat' dir='ltr'><strong>lbi</strong></span> 
     </span>
    </p>
   </div>
   <div class='ocr_carea' id='block_1_2' title="bbox 114 486 1864 5717">
    <p class='ocr_par' dir='ltr' id='par_1_2' title="bbox 114 486 1864 5717">
     <span class='ocr_line' id='line_1_2' title="bbox 123 486 1780 568; baseline 0.001 -22"><span class='ocrx_word' id='word_1_8' title='bbox 123 493 229 554; x_wconf 63' lang='lat' dir='ltr'><strong>manta.</strong></span> <span class='ocrx_word' id='word_1_9' title='bbox 242 517 257 546; x_wconf 79' lang='grc' dir='ltr'><strong>ιι</strong></span> <span class='ocrx_word' id='word_1_10' title='bbox 269 491 342 552; x_wconf 84' lang='lat' dir='ltr'><strong>item</strong></span> <span class='ocrx_word' id='word_1_11' title='bbox 351 489 413 568; x_wconf 88' lang='lat' dir='ltr'><strong>ipse</strong></span> <span class='ocrx_word' id='word_1_12' title='bbox 427 505 436 548; x_wconf 76' lang='lat' dir='ltr'><strong>t</strong></span> <span class='ocrx_word' id='word_1_13' title='bbox 453 511 468 544; x_wconf 81' lang='lat' dir='ltr'><strong>a</strong></span> <span class='ocrx_word' id='word_1_14' title='bbox 484 487 567 558; x_wconf 90' lang='lat' dir='ltr'><strong>Cum,</strong></span> <span class='ocrx_word' id='word_1_15' title='bbox 578 486 682 558; x_wconf 75' lang='lat' dir='ltr'><strong>inquit,</strong></span> <span class='ocrx_word' id='word_1_16' title='bbox 692 489 825 546; x_wconf 78' lang='lat' dir='ltr'><strong>sacerdos</strong></span> <span class='ocrx_word' id='word_1_17' title='bbox 834 489 924 546; x_wconf 89' lang='lat' dir='ltr'><strong>etiam</strong></span> <span class='ocrx_word' id='word_1_18' title='bbox 937 494 965 554; x_wconf 79' lang='lat' dir='ltr'>A</span> <span class='ocrx_word' id='word_1_19' title='bbox 977 511 992 543; x_wconf 78' lang='lat' dir='ltr'><strong>a</strong></span> <span class='ocrx_word' id='word_1_20' title='bbox 1006 489 1047 546; x_wconf 79' lang='lat' dir='ltr'><strong>rit</strong></span> <span class='ocrx_word' id='word_1_21' title='bbox 1062 487 1202 562; x_wconf 84' lang='lat' dir='ltr'><strong>sanguiue</strong></span> <span class='ocrx_word' id='word_1_22' title='bbox 1215 505 1276 547; x_wconf 90' lang='lat' dir='ltr'><strong>suo.</strong></span> <span class='ocrx_word' id='word_1_23' title='bbox 1293 507 1309 544; x_wconf 78' lang='lat' dir='ltr'><strong>s</strong></span> <span class='ocrx_word' id='word_1_24' title='bbox 1324 489 1356 546; x_wconf 94' lang='lat' dir='ltr'><strong>ln</strong></span> <span class='ocrx_word' id='word_1_25' title='bbox 1381 487 1436 548; x_wconf 91' lang='lat' dir='ltr'><strong>illis</strong></span> <span class='ocrx_word' id='word_1_26' title='bbox 1456 505 1527 566; x_wconf 87' lang='lat' dir='ltr'><strong>ergo</strong></span> <span class='ocrx_word' id='word_1_27' title='bbox 1541 487 1694 561; x_wconf 81' lang='lat' dir='ltr'><strong>sacrificiis,</strong></span> <span class='ocrx_word' id='word_1_28' title='bbox 1708 489 1780 566; x_wconf 86' lang='lat' dir='ltr'><strong>quid</strong></span> 
     </span>
     <span class='ocr_line' id='line_1_3' title="bbox 122 578 1779 656; baseline -0.003 -15"><span class='ocrx_word' id='word_1_29' title='bbox 122 579 597 656; x_wconf 82' lang='lat' dir='ltr'><strong>sauctomSpiritumadrocererit‚</strong></span> <span class='ocrx_word' id='word_1_30' title='bbox 609 581 638 635; x_wconf 88' lang='lat' dir='ltr'><strong>et</strong></span> <span class='ocrx_word' id='word_1_31' title='bbox 645 581 836 636; x_wconf 84' lang='lat' dir='ltr'><strong>reverendam</strong></span> <span class='ocrx_word' id='word_1_32' title='bbox 847 579 926 635; x_wconf 92' lang='lat' dir='ltr'><strong>illam</strong></span> <span class='ocrx_word' id='word_1_33' title='bbox 977 578 1063 636; x_wconf 90' lang='lat' dir='ltr'><strong>nobis</strong></span> <span class='ocrx_word' id='word_1_34' title='bbox 1073 583 1147 635; x_wconf 88' lang='lat' dir='ltr'><strong>esset</strong></span> <span class='ocrx_word' id='word_1_35' title='bbox 1163 579 1344 649; x_wconf 89' lang='lat' dir='ltr'><strong>donandum,</strong></span> <span class='ocrx_word' id='word_1_36' title='bbox 1360 580 1482 652; x_wconf 84' lang='lat' dir='ltr'><strong>figurate</strong></span> <span class='ocrx_word' id='word_1_37' title='bbox 1496 581 1732 653; x_wconf 84' lang='lat' dir='ltr'><strong>significabatur;</strong></span> <span class='ocrx_word' id='word_1_38' title='bbox 1749 581 1779 636; x_wconf 92' lang='lat' dir='ltr'><strong>in</strong></span> 
     </span>
     <span class='ocr_line' id='line_1_4' title="bbox 121 667 1780 742; baseline -0.004 -11"><span class='ocrx_word' id='word_1_39' title='bbox 121 673 318 731; x_wconf 78' lang='lat' dir='ltr'><strong>immolaverit</strong></span> <span class='ocrx_word' id='word_1_40' title='bbox 339 671 475 738; x_wconf 79' lang='lat' dir='ltr'><strong>hostiam,</strong></span> <span class='ocrx_word' id='word_1_41' title='bbox 506 684 751 741; x_wconf 78' lang='lat' dir='ltr'><strong>communemque</strong></span> <span class='ocrx_word' id='word_1_42' title='bbox 770 667 926 725; x_wconf 86' lang='lat' dir='ltr'><strong>[lominum</strong></span> <span class='ocrx_word' id='word_1_43' title='bbox 975 669 1030 724; x_wconf 88' lang='lat' dir='ltr'><strong>hec</strong></span> <span class='ocrx_word' id='word_1_44' title='bbox 1045 670 1143 724; x_wconf 87' lang='lat' dir='ltr'><strong>eutem</strong></span> <span class='ocrx_word' id='word_1_45' title='bbox 1163 669 1312 736; x_wconf 82' lang='lat' dir='ltr'><strong>sacrificio,</strong></span> <span class='ocrx_word' id='word_1_46' title='bbox 1329 670 1398 742; x_wconf 90' lang='lat' dir='ltr'><strong>quid</strong></span> <span class='ocrx_word' id='word_1_47' title='bbox 1419 671 1502 738; x_wconf 89' lang='lat' dir='ltr'><strong>nobis</strong></span> <span class='ocrx_word' id='word_1_48' title='bbox 1525 670 1588 742; x_wconf 83' lang='lat' dir='ltr'><strong>jam</strong></span> <span class='ocrx_word' id='word_1_49' title='bbox 1608 669 1780 727; x_wconf 88' lang='lat' dir='ltr'><strong>donandum</strong></span> 
     </span>
     <span class='ocr_line' id='line_1_5' title="bbox 122 756 1781 835; baseline -0.004 -15"><span class='ocrx_word' id='word_1_50' title='bbox 122 763 246 820; x_wconf 81' lang='lat' dir='ltr'><strong>subinde</strong></span> <span class='ocrx_word' id='word_1_51' title='bbox 261 760 427 835; x_wconf 88' lang='lat' dir='ltr'><strong>contigerit,</strong></span> <span class='ocrx_word' id='word_1_52' title='bbox 445 781 458 810; x_wconf 75' lang='lat' dir='ltr'><strong>a</strong></span> <span class='ocrx_word' id='word_1_53' title='bbox 470 756 808 830; x_wconf 74' lang='lat' dir='ltr'><strong>etreliquatlregorius:</strong></span> <span class='ocrx_word' id='word_1_54' title='bbox 827 757 927 812; x_wconf 85' lang='lat' dir='ltr'><strong>«curi-</strong></span> <span class='ocrx_word' id='word_1_55' title='bbox 976 756 1022 826; x_wconf 89' lang='lat' dir='ltr'><strong>sit,</strong></span> <span class='ocrx_word' id='word_1_56' title='bbox 1038 756 1187 812; x_wconf 87' lang='lat' dir='ltr'><strong>evidenter</strong></span> <span class='ocrx_word' id='word_1_57' title='bbox 1200 757 1372 813; x_wconf 72' lang='lat' dir='ltr'><strong>ostenditur.</strong></span> <span class='ocrx_word' id='word_1_58' title='bbox 1391 779 1405 808; x_wconf 76' lang='lat' dir='ltr'><strong>a</strong></span> <span class='ocrx_word' id='word_1_59' title='bbox 1421 759 1557 814; x_wconf 84' lang='lat' dir='ltr'><strong>Eusebius</strong></span> <span class='ocrx_word' id='word_1_60' title='bbox 1573 775 1580 814; x_wconf 76' lang='grc' dir='ltr'>ι</span> <span class='ocrx_word' id='word_1_61' title='bbox 1598 781 1613 810; x_wconf 80' lang='lat' dir='ltr'><strong>u</strong></span> <span class='ocrx_word' id='word_1_62' title='bbox 1624 757 1781 824; x_wconf 89' lang='lat' dir='ltr'><strong>QuiaChri·</strong></span> 
     </span>
     <span class='ocr_line' id='line_1_6' title="bbox 121 844 1780 923; baseline -0.004 -16"><span class='ocrx_word' id='word_1_63' title='bbox 121 855 179 908; x_wconf 85' lang='lat' dir='ltr'><strong>stus</strong></span> <span class='ocrx_word' id='word_1_64' title='bbox 192 867 380 923; x_wconf 87' lang='lat' dir='ltr'><strong>resurgensa</strong></span> <span class='ocrx_word' id='word_1_65' title='bbox 396 847 529 914; x_wconf 89' lang='lat' dir='ltr'><strong>mortuis,</strong></span> <span class='ocrx_word' id='word_1_66' title='bbox 540 847 615 919; x_wconf 82' lang='lat' dir='ltr'><strong>jam,</strong></span> <span class='ocrx_word' id='word_1_67' title='bbox 631 846 698 901; x_wconf 88' lang='lat' dir='ltr'><strong>licet</strong></span> <span class='ocrx_word' id='word_1_68' title='bbox 716 862 775 901; x_wconf 91' lang='lat' dir='ltr'><strong>non</strong></span> <span class='ocrx_word' id='word_1_69' title='bbox 791 845 925 913; x_wconf 90' lang='lat' dir='ltr'><strong>moritur,</strong></span> <span class='ocrx_word' id='word_1_70' title='bbox 975 849 1035 902; x_wconf 91' lang='lat' dir='ltr'><strong>stus</strong></span> <span class='ocrx_word' id='word_1_71' title='bbox 1048 861 1151 919; x_wconf 91' lang='lat' dir='ltr'><strong>corpus</strong></span> <span class='ocrx_word' id='word_1_72' title='bbox 1180 849 1359 917; x_wconf 90' lang='lat' dir='ltr'><strong>assumptum</strong></span> <span class='ocrx_word' id='word_1_73' title='bbox 1384 847 1531 904; x_wconf 88' lang='lat' dir='ltr'><strong>ablaturus</strong></span> <span class='ocrx_word' id='word_1_74' title='bbox 1557 849 1619 903; x_wconf 89' lang='lat' dir='ltr'><strong>erat</strong></span> <span class='ocrx_word' id='word_1_75' title='bbox 1643 864 1676 902; x_wconf 91' lang='lat' dir='ltr'><strong>ex</strong></span> <span class='ocrx_word' id='word_1_76' title='bbox 1691 844 1780 902; x_wconf 90' lang='lat' dir='ltr'><strong>oculis</strong></span> 
     </span>
     <span class='ocr_line' id='line_1_7' title="bbox 121 933 1782 1005; baseline -0.004 -9"><span class='ocrx_word' id='word_1_77' title='bbox 121 945 149 996; x_wconf 88' lang='lat' dir='ltr'><strong>et</strong></span> <span class='ocrx_word' id='word_1_78' title='bbox 176 957 260 997; x_wconf 89' lang='lat' dir='ltr'><strong>mors</strong></span> <span class='ocrx_word' id='word_1_79' title='bbox 289 937 329 995; x_wconf 92' lang='lat' dir='ltr'><strong>illi</strong></span> <span class='ocrx_word' id='word_1_80' title='bbox 358 940 435 994; x_wconf 91' lang='lat' dir='ltr'><strong>ultra</strong></span> <span class='ocrx_word' id='word_1_81' title='bbox 459 953 520 993; x_wconf 91' lang='lat' dir='ltr'><strong>non</strong></span> <span class='ocrx_word' id='word_1_82' title='bbox 544 934 753 1002; x_wconf 87' lang='lat' dir='ltr'><strong>dominabitur,</strong></span> <span class='ocrx_word' id='word_1_83' title='bbox 769 937 880 1001; x_wconf 88' lang='lat' dir='ltr'><strong>tamen,</strong></span> <span class='ocrx_word' id='word_1_84' title='bbox 896 933 926 988; x_wconf 91' lang='lat' dir='ltr'><strong>in</strong></span> <span class='ocrx_word' id='word_1_85' title='bbox 976 934 1092 1002; x_wconf 88' lang='lat' dir='ltr'><strong>nestris,</strong></span> <span class='ocrx_word' id='word_1_86' title='bbox 1108 937 1137 989; x_wconf 89' lang='lat' dir='ltr'><strong>et</strong></span> <span class='ocrx_word' id='word_1_87' title='bbox 1151 933 1292 990; x_wconf 89' lang='lat' dir='ltr'><strong>sideribus</strong></span> <span class='ocrx_word' id='word_1_88' title='bbox 1305 935 1449 1005; x_wconf 67' lang='lat' dir='ltr'><strong>illaturum</strong></span> <span class='ocrx_word' id='word_1_89' title='bbox 1464 936 1658 992; x_wconf 87' lang='lat' dir='ltr'><strong>necessarium</strong></span> <span class='ocrx_word' id='word_1_90' title='bbox 1671 935 1734 990; x_wconf 87' lang='lat' dir='ltr'><strong>eret</strong></span> <span class='ocrx_word' id='word_1_91' title='bbox 1748 935 1782 989; x_wconf 92' lang='lat' dir='ltr'><strong>ut</strong></span> 
     </span>
     <span class='ocr_line' id='line_1_8' title="bbox 120 1019 1779 1102; baseline -0.004 -17"><span class='ocrx_word' id='word_1_92' title='bbox 120 1029 216 1102; x_wconf 86' lang='lat' dir='ltr'><strong>seipso</strong></span> <span class='ocrx_word' id='word_1_93' title='bbox 234 1026 445 1083; x_wconf 77' lang='lat' dir='ltr'><strong>immortaliter</strong></span> <span class='ocrx_word' id='word_1_94' title='bbox 456 1026 543 1096; x_wconf 89' lang='lat' dir='ltr'><strong>atque</strong></span> <span class='ocrx_word' id='word_1_95' title='bbox 555 1019 926 1094; x_wconf 88' lang='lat' dir='ltr'><strong>incorruptibilitervivens,</strong></span> <span class='ocrx_word' id='word_1_96' title='bbox 977 1022 1061 1079; x_wconf 91' lang='lat' dir='ltr'><strong>nohis</strong></span> <span class='ocrx_word' id='word_1_97' title='bbox 1075 1021 1105 1078; x_wconf 93' lang='lat' dir='ltr'><strong>in</strong></span> <span class='ocrx_word' id='word_1_98' title='bbox 1120 1024 1173 1078; x_wconf 89' lang='lat' dir='ltr'><strong>hac</strong></span> <span class='ocrx_word' id='word_1_99' title='bbox 1190 1023 1236 1079; x_wconf 91' lang='lat' dir='ltr'><strong>die</strong></span> <span class='ocrx_word' id='word_1_100' title='bbox 1250 1027 1464 1081; x_wconf 85' lang='lat' dir='ltr'><strong>sacramentum</strong></span> <span class='ocrx_word' id='word_1_101' title='bbox 1477 1026 1606 1100; x_wconf 88' lang='lat' dir='ltr'><strong>corporis</strong></span> <span class='ocrx_word' id='word_1_102' title='bbox 1620 1029 1649 1081; x_wconf 91' lang='lat' dir='ltr'><strong>et</strong></span> <span class='ocrx_word' id='word_1_103' title='bbox 1664 1022 1779 1096; x_wconf 85' lang='lat' dir='ltr'><strong>sangui·</strong></span> 
     </span>
     <span class='ocr_line' id='line_1_9' title="bbox 119 1108 1779 1192; baseline -0.001 -19"><span class='ocrx_word' id='word_1_104' title='bbox 119 1135 172 1192; x_wconf 88' lang='lat' dir='ltr'><strong>pro</strong></span> <span class='ocrx_word' id='word_1_105' title='bbox 188 1117 275 1172; x_wconf 87' lang='lat' dir='ltr'><strong>uobis</strong></span> <span class='ocrx_word' id='word_1_106' title='bbox 291 1117 398 1172; x_wconf 88' lang='lat' dir='ltr'><strong>iterum</strong></span> <span class='ocrx_word' id='word_1_107' title='bbox 413 1114 444 1170; x_wconf 93' lang='lat' dir='ltr'><strong>in</strong></span> <span class='ocrx_word' id='word_1_108' title='bbox 455 1115 511 1169; x_wconf 92' lang='lat' dir='ltr'><strong>hoc</strong></span> <span class='ocrx_word' id='word_1_109' title='bbox 526 1112 662 1185; x_wconf 85' lang='lat' dir='ltr'><strong>mysterio</strong></span> <span class='ocrx_word' id='word_1_110' title='bbox 673 1127 761 1166; x_wconf 80' lang='lat' dir='ltr'><strong>sacrm</strong></span> <span class='ocrx_word' id='word_1_111' title='bbox 775 1108 928 1166; x_wconf 90' lang='lat' dir='ltr'><strong>oblationis</strong></span> <span class='ocrx_word' id='word_1_112' title='bbox 978 1112 1022 1166; x_wconf 90' lang='lat' dir='ltr'><strong>nis</strong></span> <span class='ocrx_word' id='word_1_113' title='bbox 1036 1115 1228 1180; x_wconf 84' lang='lat' dir='ltr'><strong>consecraret,</strong></span> <span class='ocrx_word' id='word_1_114' title='bbox 1236 1116 1267 1168; x_wconf 93' lang='lat' dir='ltr'><strong>ut</strong></span> <span class='ocrx_word' id='word_1_115' title='bbox 1273 1115 1416 1169; x_wconf 87' lang='lat' dir='ltr'><strong>coleretur</strong></span> <span class='ocrx_word' id='word_1_116' title='bbox 1419 1115 1530 1188; x_wconf 86' lang='lat' dir='ltr'><strong>jugiter</strong></span> <span class='ocrx_word' id='word_1_117' title='bbox 1536 1115 1779 1189; x_wconf 83' lang='lat' dir='ltr'><strong>permysterium,</strong></span> 
     </span>
     <span class='ocr_line' id='line_1_10' title="bbox 120 1197 1781 1280; baseline -0.001 -18"><span class='ocrx_word' id='word_1_118' title='bbox 120 1207 306 1264; x_wconf 88' lang='lat' dir='ltr'><strong>immolatur.</strong></span> <span class='ocrx_word' id='word_1_119' title='bbox 335 1225 350 1254; x_wconf 77' lang='lat' dir='ltr'><strong>n</strong></span> <span class='ocrx_word' id='word_1_120' title='bbox 375 1205 440 1259; x_wconf 74' lang='lat' dir='ltr'><strong>Haec</strong></span> <span class='ocrx_word' id='word_1_121' title='bbox 455 1203 521 1259; x_wconf 90' lang='lat' dir='ltr'><strong>ideo</strong></span> <span class='ocrx_word' id='word_1_122' title='bbox 545 1201 590 1257; x_wconf 92' lang='lat' dir='ltr'><strong>hic</strong></span> <span class='ocrx_word' id='word_1_123' title='bbox 606 1201 700 1276; x_wconf 89' lang='lat' dir='ltr'><strong>posita</strong></span> <span class='ocrx_word' id='word_1_124' title='bbox 717 1202 793 1280; x_wconf 74' lang='lat' dir='ltr'><strong>sunt,</strong></span> <span class='ocrx_word' id='word_1_125' title='bbox 810 1197 832 1254; x_wconf 92' lang='lat' dir='ltr'><strong>si</strong></span> <span class='ocrx_word' id='word_1_126' title='bbox 853 1199 927 1253; x_wconf 83' lang='lat' dir='ltr'><strong>torte</strong></span> <span class='ocrx_word' id='word_1_127' title='bbox 978 1201 1056 1273; x_wconf 89' lang='lat' dir='ltr'><strong>quod</strong></span> <span class='ocrx_word' id='word_1_128' title='bbox 1069 1202 1159 1255; x_wconf 84' lang='lat' dir='ltr'><strong>semel</strong></span> <span class='ocrx_word' id='word_1_129' title='bbox 1173 1200 1348 1257; x_wconf 83' lang='lat' dir='ltr'><strong>offerebatur</strong></span> <span class='ocrx_word' id='word_1_130' title='bbox 1362 1201 1390 1258; x_wconf 92' lang='lat' dir='ltr'><strong>in</strong></span> <span class='ocrx_word' id='word_1_131' title='bbox 1404 1203 1549 1276; x_wconf 88' lang='lat' dir='ltr'><strong>pretium;</strong></span> <span class='ocrx_word' id='word_1_132' title='bbox 1565 1207 1606 1271; x_wconf 91' lang='lat' dir='ltr'><strong>ut,</strong></span> <span class='ocrx_word' id='word_1_133' title='bbox 1623 1204 1692 1278; x_wconf 85' lang='lat' dir='ltr'><strong>quia</strong></span> <span class='ocrx_word' id='word_1_134' title='bbox 1708 1221 1781 1278; x_wconf 88' lang='lat' dir='ltr'><strong>quo·</strong></span> 
     </span>
     <span class='ocr_line' id='line_1_11' title="bbox 119 1288 1781 1369; baseline -0.001 -19"><span class='ocrx_word' id='word_1_135' title='bbox 119 1312 173 1369; x_wconf 86' lang='lat' dir='ltr'><strong>per</strong></span> <span class='ocrx_word' id='word_1_136' title='bbox 185 1311 224 1351; x_wconf 87' lang='lat' dir='ltr'><strong>ea</strong></span> <span class='ocrx_word' id='word_1_137' title='bbox 239 1293 408 1365; x_wconf 84' lang='lat' dir='ltr'><strong>simplicitas</strong></span> <span class='ocrx_word' id='word_1_138' title='bbox 422 1289 565 1347; x_wconf 87' lang='lat' dir='ltr'><strong>Paschasii</strong></span> <span class='ocrx_word' id='word_1_139' title='bbox 577 1288 803 1361; x_wconf 83' lang='lat' dir='ltr'><strong>llatbertipossit</strong></span> <span class='ocrx_word' id='word_1_140' title='bbox 813 1301 927 1342; x_wconf 88' lang='lat' dir='ltr'><strong>excusa·</strong></span> <span class='ocrx_word' id='word_1_141' title='bbox 977 1288 1088 1344; x_wconf 89' lang='lat' dir='ltr'><strong>tidiana</strong></span> <span class='ocrx_word' id='word_1_142' title='bbox 1102 1292 1132 1344; x_wconf 86' lang='lat' dir='ltr'><strong>at</strong></span> <span class='ocrx_word' id='word_1_143' title='bbox 1146 1288 1292 1346; x_wconf 84' lang='lat' dir='ltr'><strong>indefessa</strong></span> <span class='ocrx_word' id='word_1_144' title='bbox 1301 1291 1434 1348; x_wconf 89' lang='lat' dir='ltr'><strong>currebat</strong></span> <span class='ocrx_word' id='word_1_145' title='bbox 1450 1308 1502 1364; x_wconf 92' lang='lat' dir='ltr'><strong>pre</strong></span> <span class='ocrx_word' id='word_1_146' title='bbox 1521 1293 1675 1349; x_wconf 89' lang='lat' dir='ltr'><strong>hominum</strong></span> <span class='ocrx_word' id='word_1_147' title='bbox 1690 1294 1781 1350; x_wconf 89' lang='lat' dir='ltr'><strong>salute</strong></span> 
     </span>
     <span class='ocr_line' id='line_1_12' title="bbox 118 1375 1782 1454; baseline -0.002 -13"><span class='ocrx_word' id='word_1_148' title='bbox 118 1385 155 1452; x_wconf 92' lang='lat' dir='ltr'><strong>ri,</strong></span> <span class='ocrx_word' id='word_1_149' title='bbox 170 1386 253 1440; x_wconf 88' lang='lat' dir='ltr'><strong>unde</strong></span> <span class='ocrx_word' id='word_1_150' title='bbox 268 1383 396 1440; x_wconf 89' lang='lat' dir='ltr'><strong>maxime</strong></span> <span class='ocrx_word' id='word_1_151' title='bbox 409 1382 445 1438; x_wconf 92' lang='lat' dir='ltr'><strong>ah</strong></span> <span class='ocrx_word' id='word_1_152' title='bbox 456 1379 639 1454; x_wconf 87' lang='lat' dir='ltr'><strong>loquentibus</strong></span> <span class='ocrx_word' id='word_1_153' title='bbox 651 1375 926 1450; x_wconf 64' lang='lat' dir='ltr'><strong>[conloquentibus]</strong></span> <span class='ocrx_word' id='word_1_154' title='bbox 978 1377 1151 1450; x_wconf 87' lang='lat' dir='ltr'><strong>redemptio,</strong></span> <span class='ocrx_word' id='word_1_155' title='bbox 1181 1382 1320 1453; x_wconf 88' lang='lat' dir='ltr'><strong>perpetuo</strong></span> <span class='ocrx_word' id='word_1_156' title='bbox 1349 1379 1437 1436; x_wconf 90' lang='lat' dir='ltr'><strong>etiam</strong></span> <span class='ocrx_word' id='word_1_157' title='bbox 1471 1383 1545 1436; x_wconf 87' lang='lat' dir='ltr'><strong>esset</strong></span> <span class='ocrx_word' id='word_1_158' title='bbox 1573 1380 1782 1454; x_wconf 87' lang='lat' dir='ltr'><strong>redemptionis</strong></span> 
     </span>
     <span class='ocr_line' id='line_1_13' title="bbox 119 1464 1782 1540; baseline -0.002 -10"><span class='ocrx_word' id='word_1_159' title='bbox 119 1475 243 1530; x_wconf 87' lang='lat' dir='ltr'><strong>ltabano</strong></span> <span class='ocrx_word' id='word_1_160' title='bbox 270 1475 300 1528; x_wconf 85' lang='lat' dir='ltr'><strong>st</strong></span> <span class='ocrx_word' id='word_1_161' title='bbox 324 1472 494 1526; x_wconf 87' lang='lat' dir='ltr'><strong>Retrammo</strong></span> <span class='ocrx_word' id='word_1_162' title='bbox 509 1467 602 1532; x_wconf 76' lang='lat' dir='ltr'><strong>wod,</strong></span> <span class='ocrx_word' id='word_1_163' title='bbox 626 1467 800 1528; x_wconf 83' lang='lat' dir='ltr'><strong>llatmanno]</strong></span> <span class='ocrx_word' id='word_1_164' title='bbox 815 1464 929 1520; x_wconf 80' lang='lat' dir='ltr'><strong>ridetur</strong></span> <span class='ocrx_word' id='word_1_165' title='bbox 979 1467 1100 1534; x_wconf 89' lang='lat' dir='ltr'><strong>oblatio,</strong></span> <span class='ocrx_word' id='word_1_166' title='bbox 1114 1469 1144 1522; x_wconf 88' lang='lat' dir='ltr'><strong>et</strong></span> <span class='ocrx_word' id='word_1_167' title='bbox 1158 1467 1295 1540; x_wconf 86' lang='lat' dir='ltr'><strong>perennis</strong></span> <span class='ocrx_word' id='word_1_168' title='bbox 1309 1468 1357 1523; x_wconf 89' lang='lat' dir='ltr'><strong>illa</strong></span> <span class='ocrx_word' id='word_1_169' title='bbox 1374 1468 1492 1525; x_wconf 79' lang='lat' dir='ltr'><strong>uictima</strong></span> <span class='ocrx_word' id='word_1_170' title='bbox 1506 1469 1613 1526; x_wconf 86' lang='lat' dir='ltr'><strong>viveret</strong></span> <span class='ocrx_word' id='word_1_171' title='bbox 1627 1470 1657 1525; x_wconf 92' lang='lat' dir='ltr'><strong>in</strong></span> <span class='ocrx_word' id='word_1_172' title='bbox 1669 1485 1782 1526; x_wconf 88' lang='lat' dir='ltr'><strong>memo·</strong></span> 
     </span>
     <span class='ocr_line' id='line_1_14' title="bbox 118 1551 1785 1634; baseline -0.004 -16"><span class='ocrx_word' id='word_1_173' title='bbox 118 1559 282 1634; x_wconf 86' lang='lat' dir='ltr'><strong>suggillari,</strong></span> <span class='ocrx_word' id='word_1_174' title='bbox 295 1558 428 1615; x_wconf 78' lang='lat' dir='ltr'><strong>uidelicet</strong></span> <span class='ocrx_word' id='word_1_175' title='bbox 442 1557 509 1631; x_wconf 86' lang='lat' dir='ltr'><strong>quia</strong></span> <span class='ocrx_word' id='word_1_176' title='bbox 519 1556 631 1611; x_wconf 86' lang='lat' dir='ltr'><strong>dixerat</strong></span> <span class='ocrx_word' id='word_1_177' title='bbox 645 1555 781 1612; x_wconf 89' lang='lat' dir='ltr'><strong>eamdem</strong></span> <span class='ocrx_word' id='word_1_178' title='bbox 796 1570 856 1609; x_wconf 89' lang='lat' dir='ltr'><strong>esse</strong></span> <span class='ocrx_word' id='word_1_179' title='bbox 870 1567 930 1608; x_wconf 86' lang='lat' dir='ltr'><strong>car·</strong></span> <span class='ocrx_word' id='word_1_180' title='bbox 978 1551 1031 1620; x_wconf 91' lang='lat' dir='ltr'><strong>ria,</strong></span> <span class='ocrx_word' id='word_1_181' title='bbox 1048 1556 1202 1627; x_wconf 87' lang='lat' dir='ltr'><strong>etsempcr</strong></span> <span class='ocrx_word' id='word_1_182' title='bbox 1214 1572 1341 1627; x_wconf 74' lang='lat' dir='ltr'><strong>praescus</strong></span> <span class='ocrx_word' id='word_1_183' title='bbox 1355 1561 1429 1613; x_wconf 87' lang='lat' dir='ltr'><strong>essct</strong></span> <span class='ocrx_word' id='word_1_184' title='bbox 1443 1557 1589 1630; x_wconf 89' lang='lat' dir='ltr'><strong>ingratia.</strong></span> <span class='ocrx_word' id='word_1_185' title='bbox 1613 1559 1683 1614; x_wconf 89' lang='lat' dir='ltr'><strong>Vere</strong></span> <span class='ocrx_word' id='word_1_186' title='bbox 1699 1557 1785 1613; x_wconf 88' lang='lat' dir='ltr'><strong>unica</strong></span> 
     </span>
     <span class='ocr_line' id='line_1_15' title="bbox 117 1641 1783 1723; baseline -0.002 -17"><span class='ocrx_word' id='word_1_187' title='bbox 117 1668 203 1719; x_wconf 90' lang='lat' dir='ltr'><strong>nem,</strong></span> <span class='ocrx_word' id='word_1_188' title='bbox 220 1667 287 1723; x_wconf 76' lang='lat' dir='ltr'><strong>qum</strong></span> <span class='ocrx_word' id='word_1_189' title='bbox 300 1649 336 1704; x_wconf 89' lang='lat' dir='ltr'><strong>de</strong></span> <span class='ocrx_word' id='word_1_190' title='bbox 349 1647 433 1703; x_wconf 88' lang='lat' dir='ltr'><strong>altari</strong></span> <span class='ocrx_word' id='word_1_191' title='bbox 445 1645 579 1714; x_wconf 83' lang='lat' dir='ltr'><strong>sumitur,</strong></span> <span class='ocrx_word' id='word_1_192' title='bbox 592 1648 621 1700; x_wconf 89' lang='lat' dir='ltr'><strong>et</strong></span> <span class='ocrx_word' id='word_1_193' title='bbox 634 1644 750 1716; x_wconf 86' lang='lat' dir='ltr'><strong>Virgine</strong></span> <span class='ocrx_word' id='word_1_194' title='bbox 762 1644 927 1715; x_wconf 89' lang='lat' dir='ltr'><strong>generatur,</strong></span> <span class='ocrx_word' id='word_1_195' title='bbox 979 1643 1008 1696; x_wconf 90' lang='lat' dir='ltr'><strong>et</strong></span> <span class='ocrx_word' id='word_1_196' title='bbox 1021 1641 1150 1713; x_wconf 85' lang='lat' dir='ltr'><strong>perlecta</strong></span> <span class='ocrx_word' id='word_1_197' title='bbox 1174 1643 1280 1712; x_wconf 89' lang='lat' dir='ltr'><strong>hostia,</strong></span> <span class='ocrx_word' id='word_1_198' title='bbox 1297 1645 1353 1700; x_wconf 90' lang='lat' dir='ltr'><strong>llde</strong></span> <span class='ocrx_word' id='word_1_199' title='bbox 1376 1646 1557 1721; x_wconf 56' lang='lat' dir='ltr'><strong>aestimande,</strong></span> <span class='ocrx_word' id='word_1_200' title='bbox 1580 1664 1639 1703; x_wconf 90' lang='lat' dir='ltr'><strong>uon</strong></span> <span class='ocrx_word' id='word_1_201' title='bbox 1664 1645 1759 1718; x_wconf 85' lang='lat' dir='ltr'><strong>specie</strong></span> <span class='ocrx_word' id='word_1_202' title='bbox 1775 1662 1783 1702; x_wconf 75' lang='grc' dir='ltr'>ι</span> 
     </span>
     <span class='ocr_line' id='line_1_16' title="bbox 119 1730 1784 1812; baseline -0.002 -17"><span class='ocrx_word' id='word_1_203' title='bbox 119 1745 148 1796; x_wconf 91' lang='lat' dir='ltr'><strong>et</strong></span> <span class='ocrx_word' id='word_1_204' title='bbox 163 1739 237 1812; x_wconf 84' lang='lat' dir='ltr'><strong>quia</strong></span> <span class='ocrx_word' id='word_1_205' title='bbox 251 1736 382 1810; x_wconf 88' lang='lat' dir='ltr'><strong>quotidie</strong></span> <span class='ocrx_word' id='word_1_206' title='bbox 395 1735 488 1791; x_wconf 86' lang='lat' dir='ltr'><strong>adhuc</strong></span> <span class='ocrx_word' id='word_1_207' title='bbox 503 1750 556 1808; x_wconf 91' lang='lat' dir='ltr'><strong>pro</strong></span> <span class='ocrx_word' id='word_1_208' title='bbox 571 1733 673 1788; x_wconf 89' lang='lat' dir='ltr'><strong>mundi</strong></span> <span class='ocrx_word' id='word_1_209' title='bbox 688 1734 779 1788; x_wconf 89' lang='lat' dir='ltr'><strong>salute</strong></span> <span class='ocrx_word' id='word_1_210' title='bbox 793 1730 927 1787; x_wconf 85' lang='lat' dir='ltr'><strong>immole-</strong></span> <span class='ocrx_word' id='word_1_211' title='bbox 979 1747 1032 1786; x_wconf 90' lang='lat' dir='ltr'><strong>nec</strong></span> <span class='ocrx_word' id='word_1_212' title='bbox 1048 1731 1199 1789; x_wconf 79' lang='lat' dir='ltr'><strong>exterioris</strong></span> <span class='ocrx_word' id='word_1_213' title='bbox 1211 1733 1339 1789; x_wconf 86' lang='lat' dir='ltr'><strong>hominis</strong></span> <span class='ocrx_word' id='word_1_214' title='bbox 1349 1736 1494 1791; x_wconf 89' lang='lat' dir='ltr'><strong>censenda</strong></span> <span class='ocrx_word' id='word_1_215' title='bbox 1507 1735 1578 1804; x_wconf 85' lang='lat' dir='ltr'><strong>visu,</strong></span> <span class='ocrx_word' id='word_1_216' title='bbox 1594 1736 1644 1791; x_wconf 88' lang='lat' dir='ltr'><strong>scd</strong></span> <span class='ocrx_word' id='word_1_217' title='bbox 1659 1735 1784 1792; x_wconf 89' lang='lat' dir='ltr'><strong>interio-</strong></span> 
     </span>
     <span class='ocr_line' id='line_1_17' title="bbox 119 1815 1784 1895; baseline -0.004 -11"><span class='ocrx_word' id='word_1_218' title='bbox 119 1832 178 1884; x_wconf 89' lang='lat' dir='ltr'><strong>tur.</strong></span> <span class='ocrx_word' id='word_1_219' title='bbox 193 1827 282 1892; x_wconf 78' lang='lat' dir='ltr'><strong>Orda,</strong></span> <span class='ocrx_word' id='word_1_220' title='bbox 296 1825 365 1881; x_wconf 89' lang='lat' dir='ltr'><strong>licet</strong></span> <span class='ocrx_word' id='word_1_221' title='bbox 374 1824 459 1881; x_wconf 92' lang='lat' dir='ltr'><strong>nobis</strong></span> <span class='ocrx_word' id='word_1_222' title='bbox 471 1823 543 1879; x_wconf 88' lang='lat' dir='ltr'><strong>nihil</strong></span> <span class='ocrx_word' id='word_1_223' title='bbox 555 1821 781 1895; x_wconf 84' lang='lat' dir='ltr'><strong>placeatgratius</strong></span> <span class='ocrx_word' id='word_1_224' title='bbox 792 1823 821 1876; x_wconf 89' lang='lat' dir='ltr'><strong>et</strong></span> <span class='ocrx_word' id='word_1_225' title='bbox 827 1820 930 1891; x_wconf 87' lang='lat' dir='ltr'><strong>jucun·</strong></span> <span class='ocrx_word' id='word_1_226' title='bbox 942 1815 967 1878; x_wconf 92' lang='lat' dir='ltr'>B</span> <span class='ocrx_word' id='word_1_227' title='bbox 979 1818 1018 1873; x_wconf 85' lang='lat' dir='ltr'><strong>ris</strong></span> <span class='ocrx_word' id='word_1_228' title='bbox 1029 1817 1142 1874; x_wconf 84' lang='lat' dir='ltr'><strong>affectu.</strong></span> <span class='ocrx_word' id='word_1_229' title='bbox 1158 1820 1240 1876; x_wconf 92' lang='lat' dir='ltr'><strong>Unde</strong></span> <span class='ocrx_word' id='word_1_230' title='bbox 1255 1821 1360 1876; x_wconf 87' lang='lat' dir='ltr'><strong>merito</strong></span> <span class='ocrx_word' id='word_1_231' title='bbox 1373 1823 1493 1879; x_wconf 86' lang='lat' dir='ltr'><strong>coelestis</strong></span> <span class='ocrx_word' id='word_1_232' title='bbox 1511 1823 1665 1879; x_wconf 84' lang='lat' dir='ltr'><strong>confirmat</strong></span> <span class='ocrx_word' id='word_1_233' title='bbox 1686 1825 1784 1879; x_wconf 87' lang='lat' dir='ltr'><strong>aucto-</strong></span> 
     </span>
     <span class='ocr_line' id='line_1_18' title="bbox 118 1907 1786 1988; baseline -0.002 -16"><span class='ocrx_word' id='word_1_234' title='bbox 118 1917 185 1972; x_wconf 90' lang='lat' dir='ltr'><strong>dius</strong></span> <span class='ocrx_word' id='word_1_235' title='bbox 198 1932 290 1987; x_wconf 85' lang='lat' dir='ltr'><strong>quam</strong></span> <span class='ocrx_word' id='word_1_236' title='bbox 302 1913 380 1988; x_wconf 86' lang='lat' dir='ltr'><strong>quod</strong></span> <span class='ocrx_word' id='word_1_237' title='bbox 398 1912 433 1968; x_wconf 90' lang='lat' dir='ltr'><strong>de</strong></span> <span class='ocrx_word' id='word_1_238' title='bbox 447 1913 502 1967; x_wconf 88' lang='lat' dir='ltr'><strong>hoc</strong></span> <span class='ocrx_word' id='word_1_239' title='bbox 522 1911 659 1984; x_wconf 87' lang='lat' dir='ltr'><strong>mysterio</strong></span> <span class='ocrx_word' id='word_1_240' title='bbox 681 1910 757 1964; x_wconf 82' lang='lat' dir='ltr'><strong>valet</strong></span> <span class='ocrx_word' id='word_1_241' title='bbox 771 1909 826 1964; x_wconf 92' lang='lat' dir='ltr'><strong>dici</strong></span> <span class='ocrx_word' id='word_1_242' title='bbox 841 1909 928 1964; x_wconf 90' lang='lat' dir='ltr'><strong>subli-</strong></span> <span class='ocrx_word' id='word_1_243' title='bbox 979 1907 1049 1962; x_wconf 86' lang='lat' dir='ltr'><strong>ritas</strong></span> <span class='ocrx_word' id='word_1_244' title='bbox 1063 1907 1131 1979; x_wconf 89' lang='lat' dir='ltr'><strong>quia</strong></span> <span class='ocrx_word' id='word_1_245' title='bbox 1154 1931 1169 1958; x_wconf 76' lang='lat' dir='ltr'><strong>a</strong></span> <span class='ocrx_word' id='word_1_246' title='bbox 1190 1925 1256 1964; x_wconf 90' lang='lat' dir='ltr'><strong>caro</strong></span> <span class='ocrx_word' id='word_1_247' title='bbox 1287 1925 1354 1964; x_wconf 87' lang='lat' dir='ltr'><strong>mea</strong></span> <span class='ocrx_word' id='word_1_248' title='bbox 1372 1927 1438 1966; x_wconf 87' lang='lat' dir='ltr'><strong>rere</strong></span> <span class='ocrx_word' id='word_1_249' title='bbox 1452 1913 1495 1966; x_wconf 89' lang='lat' dir='ltr'><strong>cst</strong></span> <span class='ocrx_word' id='word_1_250' title='bbox 1514 1912 1602 1980; x_wconf 90' lang='lat' dir='ltr'><strong>cibus,</strong></span> <span class='ocrx_word' id='word_1_251' title='bbox 1620 1915 1649 1968; x_wconf 93' lang='lat' dir='ltr'><strong>et</strong></span> <span class='ocrx_word' id='word_1_252' title='bbox 1670 1913 1786 1985; x_wconf 88' lang='lat' dir='ltr'><strong>sanguis</strong></span> 
     </span>
     <span class='ocr_line' id='line_1_19' title="bbox 118 1997 1785 2075; baseline -0.002 -15"><span class='ocrx_word' id='word_1_253' title='bbox 118 2005 214 2072; x_wconf 89' lang='lat' dir='ltr'><strong>mius;</strong></span> <span class='ocrx_word' id='word_1_254' title='bbox 229 2006 330 2059; x_wconf 69' lang='lat' dir='ltr'><strong>mmen</strong></span> <span class='ocrx_word' id='word_1_255' title='bbox 343 2001 421 2075; x_wconf 88' lang='lat' dir='ltr'><strong>quod</strong></span> <span class='ocrx_word' id='word_1_256' title='bbox 436 2002 618 2056; x_wconf 87' lang='lat' dir='ltr'><strong>oblocutores</strong></span> <span class='ocrx_word' id='word_1_257' title='bbox 627 1999 689 2071; x_wconf 90' lang='lat' dir='ltr'><strong>ejus</strong></span> <span class='ocrx_word' id='word_1_258' title='bbox 703 1997 866 2054; x_wconf 88' lang='lat' dir='ltr'><strong>econtrario</strong></span> <span class='ocrx_word' id='word_1_259' title='bbox 888 2013 930 2053; x_wconf 87' lang='lat' dir='ltr'><strong>as-</strong></span> <span class='ocrx_word' id='word_1_260' title='bbox 980 2013 1140 2052; x_wconf 82' lang='lat' dir='ltr'><strong>mensuare</strong></span> <span class='ocrx_word' id='word_1_261' title='bbox 1156 2001 1199 2052; x_wconf 86' lang='lat' dir='ltr'><strong>est</strong></span> <span class='ocrx_word' id='word_1_262' title='bbox 1214 1999 1307 2070; x_wconf 92' lang='lat' dir='ltr'><strong>petus.</strong></span> <span class='ocrx_word' id='word_1_263' title='bbox 1324 2018 1338 2048; x_wconf 75' lang='lat' dir='ltr'><strong>a</strong></span> <span class='ocrx_word' id='word_1_264' title='bbox 1355 1999 1481 2055; x_wconf 83' lang='lat' dir='ltr'><strong>Recedet</strong></span> <span class='ocrx_word' id='word_1_265' title='bbox 1498 2017 1566 2072; x_wconf 88' lang='lat' dir='ltr'><strong>ergo</strong></span> <span class='ocrx_word' id='word_1_266' title='bbox 1582 2017 1669 2057; x_wconf 89' lang='lat' dir='ltr'><strong>omne</strong></span> <span class='ocrx_word' id='word_1_267' title='bbox 1683 2000 1785 2057; x_wconf 90' lang='lat' dir='ltr'><strong>inllde·</strong></span> 
     </span>
     <span class='ocr_line' id='line_1_20' title="bbox 118 2084 1786 2165; baseline -0.003 -16"><span class='ocrx_word' id='word_1_268' title='bbox 118 2095 224 2149; x_wconf 83' lang='lat' dir='ltr'><strong>serant</strong></span> <span class='ocrx_word' id='word_1_269' title='bbox 238 2091 319 2165; x_wconf 90' lang='lat' dir='ltr'><strong>quod</strong></span> <span class='ocrx_word' id='word_1_270' title='bbox 334 2107 392 2147; x_wconf 90' lang='lat' dir='ltr'><strong>uon</strong></span> <span class='ocrx_word' id='word_1_271' title='bbox 403 2091 440 2146; x_wconf 93' lang='lat' dir='ltr'><strong>sit</strong></span> <span class='ocrx_word' id='word_1_272' title='bbox 450 2088 566 2157; x_wconf 88' lang='lat' dir='ltr'><strong>cadem,</strong></span> <span class='ocrx_word' id='word_1_273' title='bbox 582 2087 707 2143; x_wconf 81' lang='lat' dir='ltr'><strong>breviter</strong></span> <span class='ocrx_word' id='word_1_274' title='bbox 723 2102 876 2157; x_wconf 88' lang='lat' dir='ltr'><strong>ponamus.</strong></span> <span class='ocrx_word' id='word_1_275' title='bbox 980 2084 1070 2140; x_wconf 87' lang='lat' dir='ltr'><strong>litatis</strong></span> <span class='ocrx_word' id='word_1_276' title='bbox 1082 2085 1254 2159; x_wconf 87' lang='lat' dir='ltr'><strong>ambiguum</strong></span> <span class='ocrx_word' id='word_1_277' title='bbox 1270 2104 1279 2140; x_wconf 79' lang='grc' dir='ltr'>ι</span> <span class='ocrx_word' id='word_1_278' title='bbox 1296 2087 1531 2159; x_wconf 90' lang='lat' dir='ltr'><strong>quandoquidem</strong></span> <span class='ocrx_word' id='word_1_279' title='bbox 1551 2089 1600 2161; x_wconf 87' lang='lat' dir='ltr'><strong>qui</strong></span> <span class='ocrx_word' id='word_1_280' title='bbox 1621 2093 1721 2145; x_wconf 86' lang='lat' dir='ltr'><strong>auctor</strong></span> <span class='ocrx_word' id='word_1_281' title='bbox 1742 2092 1786 2146; x_wconf 90' lang='lat' dir='ltr'><strong>est</strong></span> 
     </span>
     <span class='ocr_line' id='line_1_21' title="bbox 155 2173 1640 2252; baseline -0.007 -15"><span class='ocrx_word' id='word_1_282' title='bbox 155 2184 203 2237; x_wconf 93' lang='lat' dir='ltr'><strong>lll.</strong></span> <span class='ocrx_word' id='word_1_283' title='bbox 227 2181 422 2252; x_wconf 84' lang='lat' dir='ltr'><strong>Hieronymus</strong></span> <span class='ocrx_word' id='word_1_284' title='bbox 444 2196 451 2234; x_wconf 79' lang='grc' dir='ltr'>ι</span> <span class='ocrx_word' id='word_1_285' title='bbox 475 2198 492 2232; x_wconf 75' lang='lat' dir='ltr'><strong>a</strong></span> <span class='ocrx_word' id='word_1_286' title='bbox 510 2177 675 2250; x_wconf 89' lang='lat' dir='ltr'><strong>Dupliciter,</strong></span> <span class='ocrx_word' id='word_1_287' title='bbox 693 2175 798 2247; x_wconf 84' lang='lat' dir='ltr'><strong>inquit,</strong></span> <span class='ocrx_word' id='word_1_288' title='bbox 814 2174 930 2246; x_wconf 88' lang='lat' dir='ltr'><strong>sanguis</strong></span> <span class='ocrx_word' id='word_1_289' title='bbox 981 2174 1120 2243; x_wconf 88' lang='lat' dir='ltr'><strong>muneris,</strong></span> <span class='ocrx_word' id='word_1_290' title='bbox 1134 2173 1196 2245; x_wconf 91' lang='lat' dir='ltr'><strong>ipse</strong></span> <span class='ocrx_word' id='word_1_291' title='bbox 1213 2173 1301 2229; x_wconf 89' lang='lat' dir='ltr'><strong>etiam</strong></span> <span class='ocrx_word' id='word_1_292' title='bbox 1317 2175 1397 2230; x_wconf 89' lang='lat' dir='ltr'><strong>testis</strong></span> <span class='ocrx_word' id='word_1_293' title='bbox 1415 2177 1458 2231; x_wconf 90' lang='lat' dir='ltr'><strong>est</strong></span> <span class='ocrx_word' id='word_1_294' title='bbox 1471 2175 1608 2232; x_wconf 85' lang='lat' dir='ltr'><strong>veritatis.</strong></span> <span class='ocrx_word' id='word_1_295' title='bbox 1626 2197 1640 2226; x_wconf 85' lang='lat'><strong>·›</strong></span> 
     </span>
     <span class='ocr_line' id='line_1_22' title="bbox 117 2263 1785 2341; baseline -0.003 -14"><span class='ocrx_word' id='word_1_296' title='bbox 117 2270 230 2327; x_wconf 88' lang='lat' dir='ltr'><strong>Christi</strong></span> <span class='ocrx_word' id='word_1_297' title='bbox 241 2271 346 2324; x_wconf 87' lang='lat' dir='ltr'><strong>ctcaro</strong></span> <span class='ocrx_word' id='word_1_298' title='bbox 364 2267 557 2341; x_wconf 85' lang='lat' dir='ltr'><strong>intelligitur;</strong></span> <span class='ocrx_word' id='word_1_299' title='bbox 573 2267 617 2322; x_wconf 83' lang='lat' dir='ltr'><strong>rel</strong></span> <span class='ocrx_word' id='word_1_300' title='bbox 632 2263 767 2338; x_wconf 87' lang='lat' dir='ltr'><strong>spiritalis</strong></span> <span class='ocrx_word' id='word_1_301' title='bbox 782 2264 832 2319; x_wconf 87' lang='lat' dir='ltr'><strong>illa</strong></span> <span class='ocrx_word' id='word_1_302' title='bbox 844 2267 930 2336; x_wconf 85' lang='lat' dir='ltr'><strong>atque</strong></span> <span class='ocrx_word' id='word_1_303' title='bbox 1016 2263 1059 2318; x_wconf 84' lang='lat' dir='ltr'><strong>lV.</strong></span> <span class='ocrx_word' id='word_1_304' title='bbox 1078 2265 1283 2319; x_wconf 86' lang='lat' dir='ltr'><strong>Poteramuset</strong></span> <span class='ocrx_word' id='word_1_305' title='bbox 1293 2263 1785 2340; x_wconf 87' lang='lat' dir='ltr'><strong>aliorum,tamantiquorumquam</strong></span> 
     </span>
     <span class='ocr_line' id='line_1_23' title="bbox 117 2353 1785 2432; baseline -0.003 -16"><span class='ocrx_word' id='word_1_306' title='bbox 117 2360 232 2428; x_wconf 82' lang='lat' dir='ltr'><strong>divina,</strong></span> <span class='ocrx_word' id='word_1_307' title='bbox 244 2359 414 2432; x_wconf 88' lang='lat' dir='ltr'><strong>dequaipsc</strong></span> <span class='ocrx_word' id='word_1_308' title='bbox 423 2358 492 2414; x_wconf 90' lang='lat' dir='ltr'><strong>dicit</strong></span> <span class='ocrx_word' id='word_1_309' title='bbox 503 2376 510 2414; x_wconf 89' lang='lat'>:</span> <span class='ocrx_word' id='word_1_310' title='bbox 522 2381 537 2408; x_wconf 88' lang='lat'>«</span> <span class='ocrx_word' id='word_1_311' title='bbox 550 2357 621 2412; x_wconf 87' lang='lat' dir='ltr'><strong>Caro</strong></span> <span class='ocrx_word' id='word_1_312' title='bbox 632 2370 772 2411; x_wconf 86' lang='lat' dir='ltr'><strong>meavere</strong></span> <span class='ocrx_word' id='word_1_313' title='bbox 786 2356 828 2408; x_wconf 91' lang='lat' dir='ltr'><strong>est</strong></span> <span class='ocrx_word' id='word_1_314' title='bbox 839 2353 930 2420; x_wconf 91' lang='lat' dir='ltr'><strong>cibus,</strong></span> <span class='ocrx_word' id='word_1_315' title='bbox 981 2355 1010 2407; x_wconf 88' lang='lat' dir='ltr'><strong>et</strong></span> <span class='ocrx_word' id='word_1_316' title='bbox 1025 2353 1245 2421; x_wconf 90' lang='lat' dir='ltr'><strong>modernorum,</strong></span> <span class='ocrx_word' id='word_1_317' title='bbox 1262 2353 1313 2408; x_wconf 92' lang='lat' dir='ltr'><strong>sed</strong></span> <span class='ocrx_word' id='word_1_318' title='bbox 1332 2355 1361 2407; x_wconf 86' lang='lat' dir='ltr'><strong>et</strong></span> <span class='ocrx_word' id='word_1_319' title='bbox 1377 2353 1466 2426; x_wconf 90' lang='lat' dir='ltr'><strong>ipsius</strong></span> <span class='ocrx_word' id='word_1_320' title='bbox 1480 2354 1625 2411; x_wconf 83' lang='lat' dir='ltr'><strong>Ambrosii</strong></span> <span class='ocrx_word' id='word_1_321' title='bbox 1647 2356 1723 2411; x_wconf 87' lang='lat' dir='ltr'><strong>dicta</strong></span> <span class='ocrx_word' id='word_1_322' title='bbox 1740 2355 1785 2410; x_wconf 91' lang='lat' dir='ltr'><strong>his</strong></span> 
     </span>
     <span class='ocr_line' id='line_1_24' title="bbox 115 2441 1786 2520; baseline -0.001 -19"><span class='ocrx_word' id='word_1_323' title='bbox 115 2469 132 2501; x_wconf 75' lang='grc' dir='ltr'>ι</span> <span class='ocrx_word' id='word_1_324' title='bbox 143 2453 175 2505; x_wconf 88' lang='lat' dir='ltr'><strong>et</strong></span> <span class='ocrx_word' id='word_1_325' title='bbox 186 2448 398 2520; x_wconf 88' lang='lat' dir='ltr'><strong>sanguismeus</strong></span> <span class='ocrx_word' id='word_1_326' title='bbox 408 2463 490 2502; x_wconf 89' lang='lat' dir='ltr'><strong>verus</strong></span> <span class='ocrx_word' id='word_1_327' title='bbox 502 2448 546 2502; x_wconf 88' lang='lat' dir='ltr'><strong>est</strong></span> <span class='ocrx_word' id='word_1_328' title='bbox 561 2447 646 2517; x_wconf 86' lang='lat' dir='ltr'><strong>potus</strong></span> <span class='ocrx_word' id='word_1_329' title='bbox 666 2461 673 2512; x_wconf 90' lang='lat'>;</span> <span class='ocrx_word' id='word_1_330' title='bbox 693 2464 707 2492; x_wconf 92' lang='lat'>»</span> <span class='ocrx_word' id='word_1_331' title='bbox 724 2443 768 2497; x_wconf 81' lang='lat' dir='ltr'><strong>uel</strong></span> <span class='ocrx_word' id='word_1_332' title='bbox 784 2457 850 2497; x_wconf 89' lang='lat' dir='ltr'><strong>caro</strong></span> <span class='ocrx_word' id='word_1_333' title='bbox 867 2457 930 2513; x_wconf 85' lang='lat' dir='ltr'><strong>quae</strong></span> <span class='ocrx_word' id='word_1_334' title='bbox 980 2442 1178 2497; x_wconf 88' lang='lat' dir='ltr'><strong>consentanca</strong></span> <span class='ocrx_word' id='word_1_335' title='bbox 1191 2457 1311 2512; x_wconf 89' lang='lat' dir='ltr'><strong>ponere,</strong></span> <span class='ocrx_word' id='word_1_336' title='bbox 1319 2441 1373 2496; x_wconf 91' lang='lat' dir='ltr'><strong>nisi</strong></span> <span class='ocrx_word' id='word_1_337' title='bbox 1380 2445 1547 2514; x_wconf 89' lang='lat' dir='ltr'><strong>putaremus</strong></span> <span class='ocrx_word' id='word_1_338' title='bbox 1559 2445 1622 2500; x_wconf 82' lang='lat' dir='ltr'><strong>haec</strong></span> <span class='ocrx_word' id='word_1_339' title='bbox 1634 2461 1716 2516; x_wconf 89' lang='lat' dir='ltr'><strong>posse</strong></span> <span class='ocrx_word' id='word_1_340' title='bbox 1725 2445 1786 2500; x_wconf 87' lang='lat' dir='ltr'><strong>sul-</strong></span> 
     </span>
     <span class='ocr_line' id='line_1_25' title="bbox 116 2528 1786 2608; baseline -0.003 -15"><span class='ocrx_word' id='word_1_341' title='bbox 116 2531 929 2608; x_wconf 84' lang='lat' dir='ltr'><strong>crucifixaest,etsanguisquimilitisetlususestlancea.»</strong></span> <span class='ocrx_word' id='word_1_342' title='bbox 981 2529 1077 2596; x_wconf 88' lang='lat' dir='ltr'><strong>sscere,</strong></span> <span class='ocrx_word' id='word_1_343' title='bbox 1092 2528 1294 2585; x_wconf 83' lang='lat' dir='ltr'><strong>videlicethaec</strong></span> <span class='ocrx_word' id='word_1_344' title='bbox 1311 2528 1364 2585; x_wconf 91' lang='lat' dir='ltr'><strong>dici</strong></span> <span class='ocrx_word' id='word_1_345' title='bbox 1381 2529 1515 2602; x_wconf 81' lang='lat' dir='ltr'><strong>figurate,</strong></span> <span class='ocrx_word' id='word_1_346' title='bbox 1531 2534 1560 2587; x_wconf 89' lang='lat' dir='ltr'><strong>et</strong></span> <span class='ocrx_word' id='word_1_347' title='bbox 1573 2536 1671 2588; x_wconf 90' lang='lat' dir='ltr'><strong>tamen</strong></span> <span class='ocrx_word' id='word_1_348' title='bbox 1682 2549 1786 2605; x_wconf 90' lang='lat' dir='ltr'><strong>corpus</strong></span> 
     </span>
     <span class='ocr_line' id='line_1_26' title="bbox 116 2618 1785 2700; baseline -0.004 -18"><span class='ocrx_word' id='word_1_349' title='bbox 116 2626 301 2700; x_wconf 76' lang='lat' dir='ltr'><strong>Augustinus</strong></span> <span class='ocrx_word' id='word_1_350' title='bbox 309 2628 405 2680; x_wconf 86' lang='lat' dir='ltr'><strong>autem</strong></span> <span class='ocrx_word' id='word_1_351' title='bbox 418 2624 656 2695; x_wconf 88' lang='lat' dir='ltr'><strong>scribenscorpus</strong></span> <span class='ocrx_word' id='word_1_352' title='bbox 667 2619 770 2676; x_wconf 87' lang='lat' dir='ltr'><strong>Christi</strong></span> <span class='ocrx_word' id='word_1_353' title='bbox 780 2619 931 2692; x_wconf 88' lang='lat' dir='ltr'><strong>tripliciter</strong></span> <span class='ocrx_word' id='word_1_354' title='bbox 982 2618 1085 2675; x_wconf 85' lang='lat' dir='ltr'><strong>Christi</strong></span> <span class='ocrx_word' id='word_1_355' title='bbox 1101 2636 1162 2675; x_wconf 90' lang='lat' dir='ltr'><strong>esse</strong></span> <span class='ocrx_word' id='word_1_356' title='bbox 1177 2618 1349 2674; x_wconf 88' lang='lat' dir='ltr'><strong>inveritate.</strong></span> <span class='ocrx_word' id='word_1_357' title='bbox 1368 2619 1424 2675; x_wconf 89' lang='lat' dir='ltr'><strong>Sed</strong></span> <span class='ocrx_word' id='word_1_358' title='bbox 1437 2620 1499 2675; x_wconf 72' lang='lat' dir='ltr'><strong>haec</strong></span> <span class='ocrx_word' id='word_1_359' title='bbox 1517 2638 1576 2678; x_wconf 92' lang='lat' dir='ltr'><strong>nen</strong></span> <span class='ocrx_word' id='word_1_360' title='bbox 1591 2621 1785 2694; x_wconf 80' lang='lat' dir='ltr'><strong>intelligentes</strong></span> 
     </span>
     <span class='ocr_line' id='line_1_27' title="bbox 116 2707 1785 2786; baseline -0.003 -14"><span class='ocrx_word' id='word_1_361' title='bbox 116 2717 186 2784; x_wconf 92' lang='lat' dir='ltr'><strong>dici,</strong></span> <span class='ocrx_word' id='word_1_362' title='bbox 204 2715 238 2770; x_wconf 97' lang='lat' dir='ltr'><strong>id</strong></span> <span class='ocrx_word' id='word_1_363' title='bbox 253 2717 299 2771; x_wconf 86' lang='lat' dir='ltr'><strong>est</strong></span> <span class='ocrx_word' id='word_1_364' title='bbox 314 2713 540 2786; x_wconf 86' lang='lat' dir='ltr'><strong>Ecclesiam,qui</strong></span> <span class='ocrx_word' id='word_1_365' title='bbox 553 2711 657 2767; x_wconf 88' lang='lat' dir='ltr'><strong>Christi</strong></span> <span class='ocrx_word' id='word_1_366' title='bbox 669 2724 890 2784; x_wconf 87' lang='lat' dir='ltr'><strong>corpussumus,</strong></span> <span class='ocrx_word' id='word_1_367' title='bbox 901 2712 931 2763; x_wconf 90' lang='lat' dir='ltr'><strong>et</strong></span> <span class='ocrx_word' id='word_1_368' title='bbox 981 2708 1080 2763; x_wconf 89' lang='lat' dir='ltr'><strong>necad</strong></span> <span class='ocrx_word' id='word_1_369' title='bbox 1090 2707 1546 2781; x_wconf 83' lang='lat' dir='ltr'><strong>liquidumdiscernerevalentes,</strong></span> <span class='ocrx_word' id='word_1_370' title='bbox 1561 2711 1785 2784; x_wconf 90' lang='lat' dir='ltr'><strong>sedpotiusma·</strong></span> 
     </span>
     <span class='ocr_line' id='line_1_28' title="bbox 117 2795 1783 2876; baseline -0.004 -16"><span class='ocrx_word' id='word_1_371' title='bbox 117 2805 194 2861; x_wconf 88' lang='lat' dir='ltr'><strong>illud</strong></span> <span class='ocrx_word' id='word_1_372' title='bbox 212 2805 380 2876; x_wconf 82' lang='lat' dir='ltr'><strong>mysticum,</strong></span> <span class='ocrx_word' id='word_1_373' title='bbox 396 2802 474 2875; x_wconf 89' lang='lat' dir='ltr'><strong>quod</strong></span> <span class='ocrx_word' id='word_1_374' title='bbox 496 2818 531 2857; x_wconf 91' lang='lat' dir='ltr'><strong>ex</strong></span> <span class='ocrx_word' id='word_1_375' title='bbox 553 2799 712 2856; x_wconf 90' lang='lat' dir='ltr'><strong>substantia</strong></span> <span class='ocrx_word' id='word_1_376' title='bbox 728 2798 811 2870; x_wconf 85' lang='lat' dir='ltr'><strong>panis</strong></span> <span class='ocrx_word' id='word_1_377' title='bbox 829 2796 929 2852; x_wconf 87' lang='lat' dir='ltr'><strong>etvini</strong></span> <span class='ocrx_word' id='word_1_378' title='bbox 977 2795 1075 2866; x_wconf 85' lang='lat' dir='ltr'><strong>jerem</strong></span> <span class='ocrx_word' id='word_1_379' title='bbox 1093 2796 1190 2852; x_wconf 89' lang='lat' dir='ltr'><strong>minus</strong></span> <span class='ocrx_word' id='word_1_380' title='bbox 1205 2797 1356 2869; x_wconf 84' lang='lat' dir='ltr'><strong>capacibus</strong></span> <span class='ocrx_word' id='word_1_381' title='bbox 1369 2814 1497 2854; x_wconf 88' lang='lat' dir='ltr'><strong>errorem</strong></span> <span class='ocrx_word' id='word_1_382' title='bbox 1512 2799 1713 2868; x_wconf 89' lang='lat' dir='ltr'><strong>immittentes,</strong></span> <span class='ocrx_word' id='word_1_383' title='bbox 1723 2815 1783 2854; x_wconf 91' lang='lat' dir='ltr'><strong>non</strong></span> 
     </span>
     <span class='ocr_line' id='line_1_29' title="bbox 117 2885 1783 2967; baseline -0.003 -18"><span class='ocrx_word' id='word_1_384' title='bbox 117 2909 173 2967; x_wconf 85' lang='lat' dir='ltr'><strong>per</strong></span> <span class='ocrx_word' id='word_1_385' title='bbox 190 2891 337 2964; x_wconf 87' lang='lat' dir='ltr'><strong>Spiritum</strong></span> <span class='ocrx_word' id='word_1_386' title='bbox 352 2893 484 2946; x_wconf 87' lang='lat' dir='ltr'><strong>sanetum</strong></span> <span class='ocrx_word' id='word_1_387' title='bbox 499 2891 693 2966; x_wconf 79' lang='lat' dir='ltr'><strong>consecratur,</strong></span> <span class='ocrx_word' id='word_1_388' title='bbox 711 2885 871 2952; x_wconf 89' lang='lat' dir='ltr'><strong>subintulit,</strong></span> <span class='ocrx_word' id='word_1_389' title='bbox 886 2885 929 2940; x_wconf 90' lang='lat' dir='ltr'><strong>di·</strong></span> <span class='ocrx_word' id='word_1_390' title='bbox 980 2885 1166 2940; x_wconf 88' lang='lat' dir='ltr'><strong>attendentes</strong></span> <span class='ocrx_word' id='word_1_391' title='bbox 1173 2886 1344 2958; x_wconf 89' lang='lat' dir='ltr'><strong>quodsupra</strong></span> <span class='ocrx_word' id='word_1_392' title='bbox 1355 2885 1783 2945; x_wconf 77' lang='lat' dir='ltr'><strong>dixitllilarius:«llonhumano</strong></span> 
     </span>
     <span class='ocr_line' id='line_1_30' title="bbox 116 2973 1783 3050; baseline -0.002 -14"><span class='ocrx_word' id='word_1_393' title='bbox 116 2998 187 3037; x_wconf 86' lang='lat' dir='ltr'><strong>cens</strong></span> <span class='ocrx_word' id='word_1_394' title='bbox 202 2999 213 3034; x_wconf 77' lang='grc' dir='ltr'>ι</span> <span class='ocrx_word' id='word_1_395' title='bbox 229 3003 245 3031; x_wconf 77' lang='lat' dir='ltr'><strong>u</strong></span> <span class='ocrx_word' id='word_1_396' title='bbox 258 2979 401 3036; x_wconf 81' lang='lat' dir='ltr'><strong>Caeterum</strong></span> <span class='ocrx_word' id='word_1_397' title='bbox 419 2978 489 3034; x_wconf 94' lang='lat' dir='ltr'><strong>illud</strong></span> <span class='ocrx_word' id='word_1_398' title='bbox 504 2993 618 3050; x_wconf 91' lang='lat' dir='ltr'><strong>corpus,</strong></span> <span class='ocrx_word' id='word_1_399' title='bbox 634 2976 712 3050; x_wconf 83' lang='lat' dir='ltr'><strong>qued</strong></span> <span class='ocrx_word' id='word_1_400' title='bbox 723 2977 824 3030; x_wconf 88' lang='lat' dir='ltr'><strong>natum</strong></span> <span class='ocrx_word' id='word_1_401' title='bbox 840 2978 931 3029; x_wconf 88' lang='lat' dir='ltr'><strong>estex</strong></span> <span class='ocrx_word' id='word_1_402' title='bbox 980 2977 1023 3030; x_wconf 91' lang='lat' dir='ltr'><strong>est</strong></span> <span class='ocrx_word' id='word_1_403' title='bbox 1033 2973 1185 3029; x_wconf 81' lang='lat' dir='ltr'><strong>autsaeculi</strong></span> <span class='ocrx_word' id='word_1_404' title='bbox 1196 2991 1281 3030; x_wconf 90' lang='lat' dir='ltr'><strong>sensu</strong></span> <span class='ocrx_word' id='word_1_405' title='bbox 1292 2975 1380 3029; x_wconf 90' lang='lat' dir='ltr'><strong>inDei</strong></span> <span class='ocrx_word' id='word_1_406' title='bbox 1388 2975 1472 3031; x_wconf 91' lang='lat' dir='ltr'><strong>rebus</strong></span> <span class='ocrx_word' id='word_1_407' title='bbox 1479 2978 1686 3050; x_wconf 70' lang='lat' dir='ltr'><strong>loquendum»</strong></span> <span class='ocrx_word' id='word_1_408' title='bbox 1697 2993 1783 3050; x_wconf 91' lang='lat' dir='ltr'><strong>argu-</strong></span> 
     </span>
     <span class='ocr_line' id='line_1_31' title="bbox 116 3062 1783 3173; baseline -0.003 -48"><span class='ocrx_word' id='word_1_409' title='bbox 116 3071 212 3128; x_wconf 84' lang='lat' dir='ltr'><strong>ltaria</strong></span> <span class='ocrx_word' id='word_1_410' title='bbox 226 3066 392 3141; x_wconf 85' lang='lat' dir='ltr'><strong>virgine,in</strong></span> <span class='ocrx_word' id='word_1_411' title='bbox 407 3083 465 3139; x_wconf 88' lang='lat' dir='ltr'><strong>quo</strong></span> <span class='ocrx_word' id='word_1_412' title='bbox 474 3065 544 3122; x_wconf 89' lang='lat' dir='ltr'><strong>illud</strong></span> <span class='ocrx_word' id='word_1_413' title='bbox 553 3081 656 3137; x_wconf 88' lang='lat' dir='ltr'><strong>corpus</strong></span> <span class='ocrx_word' id='word_1_414' title='bbox 666 3062 930 3134; x_wconf 87' lang='lat' dir='ltr'><strong>transle1·tur,quod</strong></span> <span class='ocrx_word' id='word_1_415' title='bbox 948 3065 1165 3173; x_wconf 83' lang='lat' dir='ltr'><strong>Cmentantur:</strong></span> <span class='ocrx_word' id='word_1_416' title='bbox 1178 3066 1227 3117; x_wconf 89' lang='lat' dir='ltr'><strong>aut</strong></span> <span class='ocrx_word' id='word_1_417' title='bbox 1237 3062 1783 3136; x_wconf 84' lang='lat' dir='ltr'><strong>omninofiguratum,etnihilveritatis</strong></span> 
     </span>
     <span class='ocr_line' id='line_1_32' title="bbox 116 3149 1782 3234; baseline -0.004 -20"><span class='ocrx_word' id='word_1_418' title='bbox 116 3157 265 3234; x_wconf 86' lang='lat' dir='ltr'><strong>pependit</strong></span> <span class='ocrx_word' id='word_1_419' title='bbox 279 3157 309 3212; x_wconf 93' lang='lat' dir='ltr'><strong>in</strong></span> <span class='ocrx_word' id='word_1_420' title='bbox 325 3173 419 3225; x_wconf 90' lang='lat' dir='ltr'><strong>cruce,</strong></span> <span class='ocrx_word' id='word_1_421' title='bbox 434 3157 578 3227; x_wconf 88' lang='lat' dir='ltr'><strong>sepultum</strong></span> <span class='ocrx_word' id='word_1_422' title='bbox 590 3156 633 3209; x_wconf 89' lang='lat' dir='ltr'><strong>est</strong></span> <span class='ocrx_word' id='word_1_423' title='bbox 644 3153 673 3208; x_wconf 91' lang='lat' dir='ltr'><strong>in</strong></span> <span class='ocrx_word' id='word_1_424' title='bbox 685 3154 929 3225; x_wconf 89' lang='lat' dir='ltr'><strong>sepulcr0,resur·</strong></span> <span class='ocrx_word' id='word_1_425' title='bbox 979 3149 1010 3205; x_wconf 90' lang='lat' dir='ltr'><strong>in</strong></span> <span class='ocrx_word' id='word_1_426' title='bbox 1025 3150 1080 3207; x_wconf 88' lang='lat' dir='ltr'><strong>hec</strong></span> <span class='ocrx_word' id='word_1_427' title='bbox 1096 3150 1232 3224; x_wconf 81' lang='lat' dir='ltr'><strong>mysterio</strong></span> <span class='ocrx_word' id='word_1_428' title='bbox 1256 3153 1388 3208; x_wconf 90' lang='lat' dir='ltr'><strong>constare</strong></span> <span class='ocrx_word' id='word_1_429' title='bbox 1401 3169 1408 3220; x_wconf 94' lang='grc'>;</span> <span class='ocrx_word' id='word_1_430' title='bbox 1431 3153 1481 3207; x_wconf 93' lang='lat' dir='ltr'><strong>aut</strong></span> <span class='ocrx_word' id='word_1_431' title='bbox 1504 3153 1527 3208; x_wconf 89' lang='lat' dir='ltr'><strong>si</strong></span> <span class='ocrx_word' id='word_1_432' title='bbox 1541 3153 1646 3208; x_wconf 80' lang='lat' dir='ltr'><strong>ueritas</strong></span> <span class='ocrx_word' id='word_1_433' title='bbox 1661 3153 1706 3221; x_wconf 90' lang='lat' dir='ltr'><strong>sit,</strong></span> <span class='ocrx_word' id='word_1_434' title='bbox 1719 3154 1782 3225; x_wconf 86' lang='lat' dir='ltr'><strong>jam</strong></span> 
     </span>
     <span class='ocr_line' id='line_1_33' title="bbox 117 3239 1784 3316; baseline -0.004 -12"><span class='ocrx_word' id='word_1_435' title='bbox 117 3249 197 3305; x_wconf 83' lang='lat' dir='ltr'><strong>rexit</strong></span> <span class='ocrx_word' id='word_1_436' title='bbox 212 3246 376 3314; x_wconf 88' lang='lat' dir='ltr'><strong>amortuis,</strong></span> <span class='ocrx_word' id='word_1_437' title='bbox 391 3243 692 3316; x_wconf 86' lang='lat' dir='ltr'><strong>penetraritcoelos,et</strong></span> <span class='ocrx_word' id='word_1_438' title='bbox 701 3241 829 3315; x_wconf 88' lang='lat' dir='ltr'><strong>pontifex</strong></span> <span class='ocrx_word' id='word_1_439' title='bbox 839 3240 929 3295; x_wconf 84' lang='lat' dir='ltr'><strong>tactus</strong></span> <span class='ocrx_word' id='word_1_440' title='bbox 979 3239 1105 3310; x_wconf 82' lang='lat' dir='ltr'><strong>figuram</strong></span> <span class='ocrx_word' id='word_1_441' title='bbox 1124 3257 1183 3297; x_wconf 91' lang='lat' dir='ltr'><strong>non</strong></span> <span class='ocrx_word' id='word_1_442' title='bbox 1206 3257 1276 3296; x_wconf 87' lang='lat' dir='ltr'><strong>esse.</strong></span> <span class='ocrx_word' id='word_1_443' title='bbox 1293 3240 1349 3296; x_wconf 90' lang='lat' dir='ltr'><strong>Sed</strong></span> <span class='ocrx_word' id='word_1_444' title='bbox 1360 3241 1526 3296; x_wconf 88' lang='lat' dir='ltr'><strong>Paschasius</strong></span> <span class='ocrx_word' id='word_1_445' title='bbox 1541 3241 1700 3298; x_wconf 83' lang='lat' dir='ltr'><strong>Radbertus</strong></span> <span class='ocrx_word' id='word_1_446' title='bbox 1712 3243 1784 3298; x_wconf 89' lang='lat' dir='ltr'><strong>sicut</strong></span> 
     </span>
     <span class='ocr_line' id='line_1_34' title="bbox 117 3328 1782 3406; baseline -0.004 -14"><span class='ocrx_word' id='word_1_447' title='bbox 117 3338 145 3393; x_wconf 90' lang='lat' dir='ltr'><strong>in</strong></span> <span class='ocrx_word' id='word_1_448' title='bbox 174 3337 338 3401; x_wconf 75' lang='lat' dir='ltr'><strong>aeternum,</strong></span> <span class='ocrx_word' id='word_1_449' title='bbox 354 3331 482 3406; x_wconf 83' lang='lat' dir='ltr'><strong>quotidie</strong></span> <span class='ocrx_word' id='word_1_450' title='bbox 510 3331 676 3403; x_wconf 87' lang='lat' dir='ltr'><strong>interpellat</strong></span> <span class='ocrx_word' id='word_1_451' title='bbox 698 3345 751 3401; x_wconf 94' lang='lat' dir='ltr'><strong>pro</strong></span> <span class='ocrx_word' id='word_1_452' title='bbox 772 3328 865 3384; x_wconf 90' lang='lat' dir='ltr'><strong>nobis.</strong></span> <span class='ocrx_word' id='word_1_453' title='bbox 884 3328 929 3383; x_wconf 83' lang='lat' dir='ltr'><strong>lid</strong></span> <span class='ocrx_word' id='word_1_454' title='bbox 978 3331 1008 3383; x_wconf 92' lang='lat' dir='ltr'><strong>et</strong></span> <span class='ocrx_word' id='word_1_455' title='bbox 1021 3329 1077 3384; x_wconf 91' lang='lat' dir='ltr'><strong>alia</strong></span> <span class='ocrx_word' id='word_1_456' title='bbox 1093 3331 1184 3385; x_wconf 89' lang='lat' dir='ltr'><strong>multa</strong></span> <span class='ocrx_word' id='word_1_457' title='bbox 1199 3329 1228 3384; x_wconf 92' lang='lat' dir='ltr'><strong>in</strong></span> <span class='ocrx_word' id='word_1_458' title='bbox 1242 3329 1346 3386; x_wconf 90' lang='lat' dir='ltr'><strong>eodem</strong></span> <span class='ocrx_word' id='word_1_459' title='bbox 1359 3330 1433 3388; x_wconf 87' lang='lat' dir='ltr'><strong>libro</strong></span> <span class='ocrx_word' id='word_1_460' title='bbox 1446 3332 1520 3386; x_wconf 88' lang='lat' dir='ltr'><strong>ultra</strong></span> <span class='ocrx_word' id='word_1_461' title='bbox 1532 3332 1692 3388; x_wconf 90' lang='lat' dir='ltr'><strong>humanam</strong></span> <span class='ocrx_word' id='word_1_462' title='bbox 1707 3331 1782 3386; x_wconf 83' lang='lat' dir='ltr'><strong>aesti·</strong></span> 
     </span>
     <span class='ocr_line' id='line_1_35' title="bbox 116 3417 1781 3499; baseline -0.002 -19"><span class='ocrx_word' id='word_1_463' title='bbox 116 3424 343 3499; x_wconf 83' lang='lat' dir='ltr'><strong>quem,sirecte</strong></span> <span class='ocrx_word' id='word_1_464' title='bbox 354 3420 613 3486; x_wconf 86' lang='lat' dir='ltr'><strong>communicamus,</strong></span> <span class='ocrx_word' id='word_1_465' title='bbox 626 3417 926 3488; x_wconf 88' lang='lat' dir='ltr'><strong>mentemdirigimus;</strong></span> <span class='ocrx_word' id='word_1_466' title='bbox 978 3417 1137 3473; x_wconf 85' lang='lat' dir='ltr'><strong>mationem</strong></span> <span class='ocrx_word' id='word_1_467' title='bbox 1152 3418 1259 3474; x_wconf 90' lang='lat' dir='ltr'><strong>utiliter</strong></span> <span class='ocrx_word' id='word_1_468' title='bbox 1278 3421 1400 3488; x_wconf 75' lang='lat' dir='ltr'><strong>tractat,</strong></span> <span class='ocrx_word' id='word_1_469' title='bbox 1421 3419 1462 3476; x_wconf 89' lang='lat' dir='ltr'><strong>ita</strong></span> <span class='ocrx_word' id='word_1_470' title='bbox 1479 3424 1508 3476; x_wconf 88' lang='lat' dir='ltr'><strong>et</strong></span> <span class='ocrx_word' id='word_1_471' title='bbox 1528 3421 1594 3476; x_wconf 90' lang='lat' dir='ltr'><strong>huic</strong></span> <span class='ocrx_word' id='word_1_472' title='bbox 1612 3421 1781 3493; x_wconf 89' lang='lat' dir='ltr'><strong>sophismati</strong></span> 
     </span>
     <span class='ocr_line' id='line_1_36' title="bbox 116 3506 1783 3584; baseline -0.002 -16"><span class='ocrx_word' id='word_1_473' title='bbox 116 3517 146 3568; x_wconf 90' lang='lat' dir='ltr'><strong>ut</strong></span> <span class='ocrx_word' id='word_1_474' title='bbox 155 3531 196 3568; x_wconf 85' lang='lat' dir='ltr'><strong>ex</strong></span> <span class='ocrx_word' id='word_1_475' title='bbox 209 3513 286 3584; x_wconf 90' lang='lat' dir='ltr'><strong>ipso,</strong></span> <span class='ocrx_word' id='word_1_476' title='bbox 296 3514 326 3566; x_wconf 88' lang='lat' dir='ltr'><strong>et</strong></span> <span class='ocrx_word' id='word_1_477' title='bbox 334 3511 370 3565; x_wconf 89' lang='lat' dir='ltr'><strong>ab</strong></span> <span class='ocrx_word' id='word_1_478' title='bbox 381 3510 455 3583; x_wconf 90' lang='lat' dir='ltr'><strong>ipso,</strong></span> <span class='ocrx_word' id='word_1_479' title='bbox 466 3524 629 3579; x_wconf 92' lang='lat' dir='ltr'><strong>noscorpus</strong></span> <span class='ocrx_word' id='word_1_480' title='bbox 640 3507 711 3579; x_wconf 87' lang='lat' dir='ltr'><strong>ejus,</strong></span> <span class='ocrx_word' id='word_1_481' title='bbox 724 3521 843 3561; x_wconf 87' lang='lat' dir='ltr'><strong>carnem</strong></span> <span class='ocrx_word' id='word_1_482' title='bbox 855 3506 925 3577; x_wconf 86' lang='lat' dir='ltr'><strong>ejus,</strong></span> <span class='ocrx_word' id='word_1_483' title='bbox 977 3506 1091 3562; x_wconf 87' lang='lat' dir='ltr'><strong>fortiter</strong></span> <span class='ocrx_word' id='word_1_484' title='bbox 1104 3507 1209 3576; x_wconf 88' lang='lat' dir='ltr'><strong>obviat,</strong></span> <span class='ocrx_word' id='word_1_485' title='bbox 1224 3508 1321 3564; x_wconf 88' lang='lat' dir='ltr'><strong>dicens</strong></span> <span class='ocrx_word' id='word_1_486' title='bbox 1333 3526 1340 3564; x_wconf 79' lang='grc' dir='ltr'>ι</span> <span class='ocrx_word' id='word_1_487' title='bbox 1359 3508 1516 3582; x_wconf 78' lang='lat' dir='ltr'><strong>«Figuram</strong></span> <span class='ocrx_word' id='word_1_488' title='bbox 1525 3527 1584 3566; x_wconf 90' lang='lat' dir='ltr'><strong>non</strong></span> <span class='ocrx_word' id='word_1_489' title='bbox 1595 3528 1711 3584; x_wconf 89' lang='lat' dir='ltr'><strong>semper</strong></span> <span class='ocrx_word' id='word_1_490' title='bbox 1722 3528 1783 3566; x_wconf 78' lang='lat' dir='ltr'><strong>arm·</strong></span> 
     </span>
     <span class='ocr_line' id='line_1_37' title="bbox 114 3594 1782 3674; baseline -0.001 -17"><span class='ocrx_word' id='word_1_491' title='bbox 114 3601 162 3658; x_wconf 89' lang='lat' dir='ltr'><strong>ille</strong></span> <span class='ocrx_word' id='word_1_492' title='bbox 173 3603 322 3656; x_wconf 87' lang='lat' dir='ltr'><strong>manente</strong></span> <span class='ocrx_word' id='word_1_493' title='bbox 335 3598 631 3671; x_wconf 88' lang='lat' dir='ltr'><strong>integro,sumamus:</strong></span> <span class='ocrx_word' id='word_1_494' title='bbox 646 3613 710 3669; x_wconf 75' lang='lat' dir='ltr'><strong>quus</strong></span> <span class='ocrx_word' id='word_1_495' title='bbox 721 3594 927 3668; x_wconf 88' lang='lat' dir='ltr'><strong>nimirumipsa</strong></span> <span class='ocrx_word' id='word_1_496' title='bbox 977 3597 1061 3652; x_wconf 80' lang='lat' dir='ltr'><strong>hrain</strong></span> <span class='ocrx_word' id='word_1_497' title='bbox 1075 3613 1145 3665; x_wconf 90' lang='lat' dir='ltr'><strong>csse,</strong></span> <span class='ocrx_word' id='word_1_498' title='bbox 1158 3601 1186 3652; x_wconf 89' lang='lat' dir='ltr'><strong>et</strong></span> <span class='ocrx_word' id='word_1_499' title='bbox 1192 3598 1259 3668; x_wconf 89' lang='lat' dir='ltr'><strong>jure</strong></span> <span class='ocrx_word' id='word_1_500' title='bbox 1267 3599 1353 3654; x_wconf 91' lang='lat' dir='ltr'><strong>simul</strong></span> <span class='ocrx_word' id='word_1_501' title='bbox 1370 3600 1425 3654; x_wconf 91' lang='lat' dir='ltr'><strong>hoc</strong></span> <span class='ocrx_word' id='word_1_502' title='bbox 1449 3602 1619 3673; x_wconf 85' lang='lat' dir='ltr'><strong>mysterium</strong></span> <span class='ocrx_word' id='word_1_503' title='bbox 1640 3605 1670 3658; x_wconf 90' lang='lat' dir='ltr'><strong>et</strong></span> <span class='ocrx_word' id='word_1_504' title='bbox 1688 3601 1782 3674; x_wconf 90' lang='lat' dir='ltr'><strong>ligura</strong></span> 
     </span>
     <span class='ocr_line' id='line_1_38' title="bbox 115 3684 1864 3762; baseline 0.001 -17"><span class='ocrx_word' id='word_1_505' title='bbox 115 3684 926 3760; x_wconf 61' lang='lat' dir='ltr'><strong>caroastettructusipsiuscarnis,utidemsemperma·</strong></span> <span class='ocrx_word' id='word_1_506' title='bbox 978 3687 1007 3740; x_wconf 91' lang='lat' dir='ltr'><strong>et</strong></span> <span class='ocrx_word' id='word_1_507' title='bbox 1016 3685 1199 3741; x_wconf 88' lang='lat' dir='ltr'><strong>veritatedici</strong></span> <span class='ocrx_word' id='word_1_508' title='bbox 1208 3687 1420 3759; x_wconf 77' lang='lat' dir='ltr'><strong>posseuouod</strong></span> <span class='ocrx_word' id='word_1_509' title='bbox 1433 3687 1455 3744; x_wconf 90' lang='lat' dir='ltr'><strong>si</strong></span> <span class='ocrx_word' id='word_1_510' title='bbox 1467 3690 1529 3762; x_wconf 86' lang='lat' dir='ltr'><strong>quis</strong></span> <span class='ocrx_word' id='word_1_511' title='bbox 1540 3690 1651 3762; x_wconf 83' lang='lat' dir='ltr'><strong>plenius</strong></span> <span class='ocrx_word' id='word_1_512' title='bbox 1660 3689 1782 3747; x_wconf 90' lang='lat' dir='ltr'><strong>voluerit</strong></span> <span class='ocrx_word' id='word_1_513' title='bbox 1860 3731 1864 3737; x_wconf 91' lang='lat'>-</span> 
     </span>
     <span class='ocr_line' id='line_1_39' title="bbox 115 3774 1781 3853; baseline 0 -18"><span class='ocrx_word' id='word_1_514' title='bbox 115 3783 198 3841; x_wconf 86' lang='lat' dir='ltr'><strong>neat,</strong></span> <span class='ocrx_word' id='word_1_515' title='bbox 213 3781 244 3834; x_wconf 84' lang='lat' dir='ltr'><strong>at</strong></span> <span class='ocrx_word' id='word_1_516' title='bbox 260 3776 407 3832; x_wconf 83' lang='lat' dir='ltr'><strong>universos</strong></span> <span class='ocrx_word' id='word_1_517' title='bbox 422 3776 470 3848; x_wconf 85' lang='lat' dir='ltr'><strong>qui</strong></span> <span class='ocrx_word' id='word_1_518' title='bbox 493 3777 561 3830; x_wconf 90' lang='lat' dir='ltr'><strong>sunt</strong></span> <span class='ocrx_word' id='word_1_519' title='bbox 586 3774 616 3829; x_wconf 91' lang='lat' dir='ltr'><strong>in</strong></span> <span class='ocrx_word' id='word_1_520' title='bbox 642 3789 763 3845; x_wconf 87' lang='lat' dir='ltr'><strong>corpore</strong></span> <span class='ocrx_word' id='word_1_521' title='bbox 785 3777 892 3844; x_wconf 85' lang='lat' dir='ltr'><strong>pascat.</strong></span> <span class='ocrx_word' id='word_1_522' title='bbox 909 3793 924 3822; x_wconf 80' lang='lat' dir='ltr'><strong>u</strong></span> <span class='ocrx_word' id='word_1_523' title='bbox 976 3775 1059 3842; x_wconf 89' lang='lat' dir='ltr'><strong>scire,</strong></span> <span class='ocrx_word' id='word_1_524' title='bbox 1070 3774 1106 3830; x_wconf 87' lang='lat' dir='ltr'><strong>dc</strong></span> <span class='ocrx_word' id='word_1_525' title='bbox 1113 3774 1174 3846; x_wconf 87' lang='lat' dir='ltr'><strong>ejus</strong></span> <span class='ocrx_word' id='word_1_526' title='bbox 1184 3776 1432 3850; x_wconf 83' lang='lat' dir='ltr'><strong>volumine,plena</strong></span> <span class='ocrx_word' id='word_1_527' title='bbox 1440 3778 1544 3833; x_wconf 91' lang='lat' dir='ltr'><strong>lultum</strong></span> <span class='ocrx_word' id='word_1_528' title='bbox 1555 3780 1724 3836; x_wconf 90' lang='lat' dir='ltr'><strong>auctoritate</strong></span> <span class='ocrx_word' id='word_1_529' title='bbox 1730 3796 1781 3853; x_wconf 91' lang='lat' dir='ltr'><strong>po-</strong></span> 
     </span>
     <span class='ocr_line' id='line_1_40' title="bbox 114 3860 1780 3940; baseline 0 -18"><span class='ocrx_word' id='word_1_530' title='bbox 114 3866 287 3940; x_wconf 75' lang='lat' dir='ltr'><strong>Fulgentius</strong></span> <span class='ocrx_word' id='word_1_531' title='bbox 302 3883 310 3920; x_wconf 84' lang='grc' dir='ltr'>ι</span> <span class='ocrx_word' id='word_1_532' title='bbox 329 3888 343 3916; x_wconf 87' lang='lat'>«</span> <span class='ocrx_word' id='word_1_533' title='bbox 359 3863 532 3920; x_wconf 83' lang='lat' dir='ltr'><strong>Firmissime</strong></span> <span class='ocrx_word' id='word_1_534' title='bbox 542 3867 619 3926; x_wconf 86' lang='lat' dir='ltr'><strong>tene,</strong></span> <span class='ocrx_word' id='word_1_535' title='bbox 634 3866 663 3918; x_wconf 89' lang='lat' dir='ltr'><strong>et</strong></span> <span class='ocrx_word' id='word_1_536' title='bbox 673 3863 837 3918; x_wconf 88' lang='lat' dir='ltr'><strong>nullatenus</strong></span> <span class='ocrx_word' id='word_1_537' title='bbox 847 3860 936 3916; x_wconf 73' lang='lat' dir='ltr'><strong>dubi.</strong></span> <span class='ocrx_word' id='word_1_538' title='bbox 977 3863 1045 3917; x_wconf 90' lang='lat' dir='ltr'><strong>terit</strong></span> <span class='ocrx_word' id='word_1_539' title='bbox 1056 3867 1199 3919; x_wconf 87' lang='lat' dir='ltr'><strong>mutuare.</strong></span> <span class='ocrx_word' id='word_1_540' title='bbox 1214 3865 1270 3920; x_wconf 90' lang='lat' dir='ltr'><strong>Nos</strong></span> <span class='ocrx_word' id='word_1_541' title='bbox 1286 3868 1449 3922; x_wconf 84' lang='lat' dir='ltr'><strong>autemnon</strong></span> <span class='ocrx_word' id='word_1_542' title='bbox 1464 3867 1519 3921; x_wconf 88' lang='lat' dir='ltr'><strong>ulta</strong></span> <span class='ocrx_word' id='word_1_543' title='bbox 1529 3870 1667 3938; x_wconf 81' lang='lat' dir='ltr'><strong>sopientes,</strong></span> <span class='ocrx_word' id='word_1_544' title='bbox 1679 3868 1780 3924; x_wconf 77' lang='lat' dir='ltr'><strong>sedtu-</strong></span> 
     </span>
     <span class='ocr_line' id='line_1_41' title="bbox 115 3951 1778 4028; baseline -0.001 -16"><span class='ocrx_word' id='word_1_545' title='bbox 115 3953 681 4028; x_wconf 80' lang='lat' dir='ltr'><strong>tes,ipsum&#39;unigenitnmDeumVerbum</strong></span> <span class='ocrx_word' id='word_1_546' title='bbox 690 3965 807 4006; x_wconf 89' lang='lat' dir='ltr'><strong>carnem</strong></span> <span class='ocrx_word' id='word_1_547' title='bbox 818 3951 926 4005; x_wconf 88' lang='lat' dir='ltr'><strong>lactum</strong></span> <span class='ocrx_word' id='word_1_548' title='bbox 976 3952 1081 4008; x_wconf 77' lang='lat' dir='ltr'><strong>milibus</strong></span> <span class='ocrx_word' id='word_1_549' title='bbox 1094 3955 1282 4010; x_wconf 82' lang='lat' dir='ltr'><strong>consentientes</strong></span> <span class='ocrx_word' id='word_1_550' title='bbox 1294 3954 1383 4026; x_wconf 81' lang='lat' dir='ltr'><strong>(Rom.</strong></span> <span class='ocrx_word' id='word_1_551' title='bbox 1412 3972 1460 4023; x_wconf 83' lang='lat' dir='ltr'><strong>xri,</strong></span> <span class='ocrx_word' id='word_1_552' title='bbox 1479 3955 1533 4027; x_wconf 81' lang='lat' dir='ltr'><strong>td),</strong></span> <span class='ocrx_word' id='word_1_553' title='bbox 1549 3953 1721 4028; x_wconf 84' lang='lat' dir='ltr'><strong>simpliciter</strong></span> <span class='ocrx_word' id='word_1_554' title='bbox 1735 3956 1778 4011; x_wconf 88' lang='lat' dir='ltr'><strong>la-</strong></span> 
     </span>
     <span class='ocr_line' id='line_1_42' title="bbox 115 3935 1795 4192; baseline -0.001 -92"><span class='ocrx_word' id='word_1_555' title='bbox 115 4063 143 4100; x_wconf 88' lang='lat' dir='ltr'><strong>se</strong></span> <span class='ocrx_word' id='word_1_556' title='bbox 158 4063 214 4119; x_wconf 91' lang='lat' dir='ltr'><strong>pro</strong></span> <span class='ocrx_word' id='word_1_557' title='bbox 229 4045 317 4100; x_wconf 89' lang='lat' dir='ltr'><strong>nobis</strong></span> <span class='ocrx_word' id='word_1_558' title='bbox 332 4043 468 4099; x_wconf 87' lang='lat' dir='ltr'><strong>obtulisse</strong></span> <span class='ocrx_word' id='word_1_559' title='bbox 488 4041 658 4098; x_wconf 85' lang='lat' dir='ltr'><strong>sacrificium</strong></span> <span class='ocrx_word' id='word_1_560' title='bbox 680 4040 844 4096; x_wconf 89' lang='lat' dir='ltr'><strong>ethostiam</strong></span> <span class='ocrx_word' id='word_1_561' title='bbox 867 4042 925 4095; x_wconf 86' lang='lat' dir='ltr'><strong>Deo</strong></span> <span class='ocrx_word' id='word_1_562' title='bbox 977 4042 1171 4114; x_wconf 83' lang='lat' dir='ltr'><strong>teamurquia</strong></span> <span class='ocrx_word' id='word_1_563' title='bbox 1185 4043 1280 4114; x_wconf 88' lang='lat' dir='ltr'><strong>ligura</strong></span> <span class='ocrx_word' id='word_1_564' title='bbox 1294 4046 1348 4110; x_wconf 89' lang='lat' dir='ltr'><strong>cst,</strong></span> <span class='ocrx_word' id='word_1_565' title='bbox 1365 4043 1433 4098; x_wconf 90' lang='lat' dir='ltr'><strong>dum</strong></span> <span class='ocrx_word' id='word_1_566' title='bbox 1449 4043 1532 4114; x_wconf 92' lang='lat' dir='ltr'><strong>panis</strong></span> <span class='ocrx_word' id='word_1_567' title='bbox 1546 4044 1682 4099; x_wconf 87' lang='lat' dir='ltr'><strong>etvinum</strong></span> <span class='ocrx_word' id='word_1_568' title='bbox 1698 3935 1795 4192; x_wconf 48' lang='lat' dir='ltr'><strong>amai</strong></span> 
     </span>
     <span class='ocr_line' id='line_1_43' title="bbox 115 4127 1778 4203; baseline 0.001 -17"><span class='ocrx_word' id='word_1_569' title='bbox 115 4131 144 4187; x_wconf 92' lang='lat' dir='ltr'><strong>in</strong></span> <span class='ocrx_word' id='word_1_570' title='bbox 170 4133 300 4188; x_wconf 88' lang='lat' dir='ltr'><strong>odorem</strong></span> <span class='ocrx_word' id='word_1_571' title='bbox 327 4130 474 4186; x_wconf 84' lang='lat' dir='ltr'><strong>suavitatis</strong></span> <span class='ocrx_word' id='word_1_572' title='bbox 489 4146 495 4184; x_wconf 92' lang='lat'><strong>:</strong></span> <span class='ocrx_word' id='word_1_573' title='bbox 511 4129 556 4185; x_wconf 87' lang='lat' dir='ltr'><strong>cui</strong></span> <span class='ocrx_word' id='word_1_574' title='bbox 580 4145 647 4185; x_wconf 89' lang='lat' dir='ltr'><strong>cum</strong></span> <span class='ocrx_word' id='word_1_575' title='bbox 670 4131 755 4186; x_wconf 88' lang='lat' dir='ltr'><strong>Patre</strong></span> <span class='ocrx_word' id='word_1_576' title='bbox 775 4129 804 4182; x_wconf 92' lang='lat' dir='ltr'><strong>et</strong></span> <span class='ocrx_word' id='word_1_577' title='bbox 819 4127 926 4199; x_wconf 89' lang='lat' dir='ltr'><strong>Spiritu</strong></span> <span class='ocrx_word' id='word_1_578' title='bbox 975 4129 1105 4198; x_wconf 74' lang='lat' dir='ltr'><strong>videtur,</strong></span> <span class='ocrx_word' id='word_1_579' title='bbox 1127 4130 1232 4185; x_wconf 85' lang='lat' dir='ltr'><strong>veritas</strong></span> <span class='ocrx_word' id='word_1_580' title='bbox 1247 4133 1356 4198; x_wconf 89' lang='lat' dir='ltr'><strong>autem,</strong></span> <span class='ocrx_word' id='word_1_581' title='bbox 1386 4130 1456 4185; x_wconf 89' lang='lat' dir='ltr'><strong>dum</strong></span> <span class='ocrx_word' id='word_1_582' title='bbox 1481 4146 1584 4203; x_wconf 88' lang='lat' dir='ltr'><strong>corpus</strong></span> <span class='ocrx_word' id='word_1_583' title='bbox 1609 4134 1639 4188; x_wconf 89' lang='lat' dir='ltr'><strong>et</strong></span> <span class='ocrx_word' id='word_1_584' title='bbox 1662 4131 1778 4203; x_wconf 88' lang='lat' dir='ltr'><strong>sanguis</strong></span> 
     </span>
     <span class='ocr_line' id='line_1_44' title="bbox 116 4215 1779 4293; baseline 0.002 -18"><span class='ocrx_word' id='word_1_585' title='bbox 116 4225 216 4276; x_wconf 87' lang='lat' dir='ltr'><strong>sancto</strong></span> <span class='ocrx_word' id='word_1_586' title='bbox 251 4236 269 4274; x_wconf 93' lang='lat' dir='ltr'><strong>a</strong></span> <span class='ocrx_word' id='word_1_587' title='bbox 291 4218 471 4292; x_wconf 88' lang='lat' dir='ltr'><strong>patriarchis,</strong></span> <span class='ocrx_word' id='word_1_588' title='bbox 497 4235 513 4273; x_wconf 91' lang='lat' dir='ltr'><strong>a</strong></span> <span class='ocrx_word' id='word_1_589' title='bbox 527 4217 675 4291; x_wconf 83' lang='lat' dir='ltr'><strong>prophetis</strong></span> <span class='ocrx_word' id='word_1_590' title='bbox 689 4219 718 4271; x_wconf 91' lang='lat' dir='ltr'><strong>et</strong></span> <span class='ocrx_word' id='word_1_591' title='bbox 730 4215 926 4272; x_wconf 89' lang='lat' dir='ltr'><strong>sacerdotibus</strong></span> <span class='ocrx_word' id='word_1_592' title='bbox 976 4218 1080 4274; x_wconf 84' lang='lat' dir='ltr'><strong>Christi</strong></span> <span class='ocrx_word' id='word_1_593' title='bbox 1095 4219 1255 4275; x_wconf 88' lang='lat' dir='ltr'><strong>inveritate</strong></span> <span class='ocrx_word' id='word_1_594' title='bbox 1271 4218 1392 4274; x_wconf 89' lang='lat' dir='ltr'><strong>interius</strong></span> <span class='ocrx_word' id='word_1_595' title='bbox 1401 4219 1538 4277; x_wconf 90' lang='lat' dir='ltr'><strong>creditur.</strong></span> <span class='ocrx_word' id='word_1_596' title='bbox 1548 4220 1581 4274; x_wconf 82' lang='lat' dir='ltr'><strong>Et</strong></span> <span class='ocrx_word' id='word_1_597' title='bbox 1589 4222 1779 4293; x_wconf 90' lang='lat' dir='ltr'><strong>quemadmo-</strong></span> 
     </span>
     <span class='ocr_line' id='line_1_45' title="bbox 116 4303 1778 4383; baseline 0.003 -21"><span class='ocrx_word' id='word_1_598' title='bbox 116 4313 254 4383; x_wconf 84' lang='lat' dir='ltr'><strong>ternpore</strong></span> <span class='ocrx_word' id='word_1_599' title='bbox 262 4307 372 4363; x_wconf 89' lang='lat' dir='ltr'><strong>Veteris</strong></span> <span class='ocrx_word' id='word_1_600' title='bbox 384 4306 559 4362; x_wconf 85' lang='lat' dir='ltr'><strong>Testamenti</strong></span> <span class='ocrx_word' id='word_1_601' title='bbox 573 4305 711 4362; x_wconf 87' lang='lat' dir='ltr'><strong>animalia</strong></span> <span class='ocrx_word' id='word_1_602' title='bbox 724 4303 924 4360; x_wconf 77' lang='lat' dir='ltr'><strong>sacrificaban·</strong></span> <span class='ocrx_word' id='word_1_603' title='bbox 976 4307 1046 4363; x_wconf 84' lang='lat' dir='ltr'><strong>dum</strong></span> <span class='ocrx_word' id='word_1_604' title='bbox 1062 4307 1180 4380; x_wconf 88' lang='lat' dir='ltr'><strong>quidam</strong></span> <span class='ocrx_word' id='word_1_605' title='bbox 1192 4307 1453 4380; x_wconf 87' lang='lat' dir='ltr'><strong>sapiensmoderno</strong></span> <span class='ocrx_word' id='word_1_606' title='bbox 1465 4310 1599 4379; x_wconf 86' lang='lat' dir='ltr'><strong>tempore</strong></span> <span class='ocrx_word' id='word_1_607' title='bbox 1609 4309 1680 4366; x_wconf 85' lang='lat' dir='ltr'><strong>dixit</strong></span> <span class='ocrx_word' id='word_1_608' title='bbox 1694 4328 1701 4366; x_wconf 92' lang='lat'>:</span> <span class='ocrx_word' id='word_1_609' title='bbox 1713 4310 1778 4367; x_wconf 89' lang='lat' dir='ltr'><strong>«Si-</strong></span> 
     </span>
     <span class='ocr_line' id='line_1_46' title="bbox 116 4392 1779 4477; baseline 0.002 -26"><span class='ocrx_word' id='word_1_610' title='bbox 116 4401 162 4452; x_wconf 91' lang='lat' dir='ltr'><strong>tur</strong></span> <span class='ocrx_word' id='word_1_611' title='bbox 178 4415 185 4452; x_wconf 94' lang='lat'><strong>:</strong></span> <span class='ocrx_word' id='word_1_612' title='bbox 201 4399 234 4452; x_wconf 88' lang='lat' dir='ltr'><strong>et</strong></span> <span class='ocrx_word' id='word_1_613' title='bbox 247 4395 296 4450; x_wconf 92' lang='lat' dir='ltr'><strong>cui</strong></span> <span class='ocrx_word' id='word_1_614' title='bbox 309 4412 396 4464; x_wconf 92' lang='lat' dir='ltr'><strong>nunc,</strong></span> <span class='ocrx_word' id='word_1_615' title='bbox 408 4396 437 4452; x_wconf 91' lang='lat' dir='ltr'><strong>id</strong></span> <span class='ocrx_word' id='word_1_616' title='bbox 452 4396 503 4462; x_wconf 89' lang='lat' dir='ltr'><strong>est,</strong></span> <span class='ocrx_word' id='word_1_617' title='bbox 512 4395 723 4468; x_wconf 81' lang='lat' dir='ltr'><strong>temporelVoui</strong></span> <span class='ocrx_word' id='word_1_618' title='bbox 738 4392 924 4461; x_wconf 86' lang='lat' dir='ltr'><strong>Testamenti,</strong></span> <span class='ocrx_word' id='word_1_619' title='bbox 936 4417 964 4477; x_wconf 77' lang='lat' dir='ltr'>D</span> <span class='ocrx_word' id='word_1_620' title='bbox 975 4399 1023 4451; x_wconf 91' lang='lat' dir='ltr'><strong>cut</strong></span> <span class='ocrx_word' id='word_1_621' title='bbox 1036 4395 1135 4451; x_wconf 91' lang='lat' dir='ltr'><strong>omnia</strong></span> <span class='ocrx_word' id='word_1_622' title='bbox 1145 4395 1174 4452; x_wconf 88' lang='lat' dir='ltr'><strong>iu</strong></span> <span class='ocrx_word' id='word_1_623' title='bbox 1186 4396 1635 4466; x_wconf 84' lang='lat' dir='ltr'><strong>Christoveracredimus,veram</strong></span> <span class='ocrx_word' id='word_1_624' title='bbox 1645 4399 1779 4455; x_wconf 88' lang='lat' dir='ltr'><strong>videlicet</strong></span> 
     </span>
     <span class='ocr_line' id='line_1_47' title="bbox 118 4482 1776 4557; baseline 0.003 -19"><span class='ocrx_word' id='word_1_625' title='bbox 118 4487 280 4541; x_wconf 72' lang='lat' dir='ltr'><strong>compatre</strong></span> <span class='ocrx_word' id='word_1_626' title='bbox 293 4487 323 4539; x_wconf 87' lang='lat' dir='ltr'><strong>et</strong></span> <span class='ocrx_word' id='word_1_627' title='bbox 335 4484 558 4556; x_wconf 88' lang='lat' dir='ltr'><strong>Spiritusancto,</strong></span> <span class='ocrx_word' id='word_1_628' title='bbox 567 4499 632 4538; x_wconf 93' lang='lat' dir='ltr'><strong>cum</strong></span> <span class='ocrx_word' id='word_1_629' title='bbox 643 4483 745 4557; x_wconf 89' lang='lat' dir='ltr'><strong>quibus</strong></span> <span class='ocrx_word' id='word_1_630' title='bbox 758 4482 799 4538; x_wconf 92' lang='lat' dir='ltr'><strong>illi</strong></span> <span class='ocrx_word' id='word_1_631' title='bbox 812 4485 854 4537; x_wconf 88' lang='lat' dir='ltr'><strong>est</strong></span> <span class='ocrx_word' id='word_1_632' title='bbox 868 4498 925 4537; x_wconf 89' lang='lat' dir='ltr'><strong>una</strong></span> <span class='ocrx_word' id='word_1_633' title='bbox 975 4483 1192 4540; x_wconf 84' lang='lat' dir='ltr'><strong>divinitatcmet</strong></span> <span class='ocrx_word' id='word_1_634' title='bbox 1201 4501 1299 4540; x_wconf 84' lang='lat' dir='ltr'><strong>aeram</strong></span> <span class='ocrx_word' id='word_1_635' title='bbox 1309 4486 1642 4549; x_wconf 77' lang='lat' dir='ltr'><strong>humanitatemverum</strong></span> <span class='ocrx_word' id='word_1_636' title='bbox 1651 4489 1776 4544; x_wconf 86' lang='lat' dir='ltr'><strong>Verbum</strong></span> 
     </span>
     <span class='ocr_line' id='line_1_48' title="bbox 117 4570 1774 4645; baseline 0.002 -17"><span class='ocrx_word' id='word_1_637' title='bbox 117 4574 266 4641; x_wconf 69' lang='lat' dir='ltr'><strong>diviuitas,</strong></span> <span class='ocrx_word' id='word_1_638' title='bbox 281 4572 454 4628; x_wconf 83' lang='lat' dir='ltr'><strong>sacrificium</strong></span> <span class='ocrx_word' id='word_1_639' title='bbox 469 4573 554 4645; x_wconf 92' lang='lat' dir='ltr'><strong>panis</strong></span> <span class='ocrx_word' id='word_1_640' title='bbox 568 4575 597 4628; x_wconf 89' lang='lat' dir='ltr'><strong>et</strong></span> <span class='ocrx_word' id='word_1_641' title='bbox 610 4571 667 4627; x_wconf 89' lang='lat' dir='ltr'><strong>vini</strong></span> <span class='ocrx_word' id='word_1_642' title='bbox 678 4572 708 4626; x_wconf 92' lang='lat' dir='ltr'><strong>in</strong></span> <span class='ocrx_word' id='word_1_643' title='bbox 723 4571 780 4626; x_wconf 85' lang='lat' dir='ltr'><strong>ilde</strong></span> <span class='ocrx_word' id='word_1_644' title='bbox 793 4573 823 4626; x_wconf 89' lang='lat' dir='ltr'><strong>et</strong></span> <span class='ocrx_word' id='word_1_645' title='bbox 833 4570 925 4625; x_wconf 86' lang='lat' dir='ltr'><strong>cheri·</strong></span> <span class='ocrx_word' id='word_1_646' title='bbox 975 4576 1108 4628; x_wconf 89' lang='lat' dir='ltr'><strong>etveram</strong></span> <span class='ocrx_word' id='word_1_647' title='bbox 1117 4589 1354 4641; x_wconf 87' lang='lat' dir='ltr'><strong>carnem,verum</strong></span> <span class='ocrx_word' id='word_1_648' title='bbox 1366 4576 1458 4631; x_wconf 86' lang='lat' dir='ltr'><strong>Deum</strong></span> <span class='ocrx_word' id='word_1_649' title='bbox 1467 4577 1601 4631; x_wconf 87' lang='lat' dir='ltr'><strong>etverum</strong></span> <span class='ocrx_word' id='word_1_650' title='bbox 1611 4577 1774 4632; x_wconf 89' lang='lat' dir='ltr'><strong>hominem:</strong></span> 
     </span>
     <span class='ocr_line' id='line_1_49' title="bbox 117 4658 1778 4738; baseline 0.004 -24"><span class='ocrx_word' id='word_1_651' title='bbox 117 4665 174 4718; x_wconf 87' lang='lat' dir='ltr'><strong>tale</strong></span> <span class='ocrx_word' id='word_1_652' title='bbox 188 4665 293 4717; x_wconf 79' lang='lat' dir='ltr'><strong>sancta</strong></span> <span class='ocrx_word' id='word_1_653' title='bbox 306 4661 428 4716; x_wconf 85' lang='lat' dir='ltr'><strong>Ecclesia</strong></span> <span class='ocrx_word' id='word_1_654' title='bbox 441 4661 580 4716; x_wconf 89' lang='lat' dir='ltr'><strong>catholica</strong></span> <span class='ocrx_word' id='word_1_655' title='bbox 589 4658 923 4731; x_wconf 89' lang='lat' dir='ltr'><strong>peruniversumorhem</strong></span> <span class='ocrx_word' id='word_1_656' title='bbox 975 4662 1014 4716; x_wconf 90' lang='lat' dir='ltr'><strong>ita</strong></span> <span class='ocrx_word' id='word_1_657' title='bbox 1025 4663 1053 4716; x_wconf 92' lang='lat' dir='ltr'><strong>in</strong></span> <span class='ocrx_word' id='word_1_658' title='bbox 1065 4663 1201 4734; x_wconf 83' lang='lat' dir='ltr'><strong>mysterio</strong></span> <span class='ocrx_word' id='word_1_659' title='bbox 1213 4663 1376 4735; x_wconf 88' lang='lat' dir='ltr'><strong>eorporiset</strong></span> <span class='ocrx_word' id='word_1_660' title='bbox 1390 4664 1618 4736; x_wconf 80' lang='lat' dir='ltr'><strong>sarrguinisejus,</strong></span> <span class='ocrx_word' id='word_1_661' title='bbox 1633 4665 1711 4738; x_wconf 91' lang='lat' dir='ltr'><strong>qued</strong></span> <span class='ocrx_word' id='word_1_662' title='bbox 1724 4665 1778 4720; x_wconf 85' lang='lat' dir='ltr'><strong>vir-</strong></span> 
     </span>
     <span class='ocr_line' id='line_1_50' title="bbox 118 4748 1778 4810; baseline 0.004 -6"><span class='ocrx_word' id='word_1_663' title='bbox 118 4753 201 4805; x_wconf 77' lang='lat' dir='ltr'><strong>terrae</strong></span> <span class='ocrx_word' id='word_1_664' title='bbox 219 4749 326 4806; x_wconf 86' lang='lat' dir='ltr'><strong>ollerre</strong></span> <span class='ocrx_word' id='word_1_665' title='bbox 341 4767 400 4804; x_wconf 91' lang='lat' dir='ltr'><strong>non</strong></span> <span class='ocrx_word' id='word_1_666' title='bbox 415 4753 515 4804; x_wconf 88' lang='lat' dir='ltr'><strong>cessat.</strong></span> <span class='ocrx_word' id='word_1_667' title='bbox 533 4752 563 4803; x_wconf 96' lang='lat' dir='ltr'><strong>ln</strong></span> <span class='ocrx_word' id='word_1_668' title='bbox 586 4749 640 4804; x_wconf 84' lang='lat' dir='ltr'><strong>illis</strong></span> <span class='ocrx_word' id='word_1_669' title='bbox 660 4749 738 4804; x_wconf 87' lang='lat' dir='ltr'><strong>enirn</strong></span> <span class='ocrx_word' id='word_1_670' title='bbox 761 4748 924 4802; x_wconf 88' lang='lat' dir='ltr'><strong>carnalibus</strong></span> <span class='ocrx_word' id='word_1_671' title='bbox 975 4754 1036 4806; x_wconf 89' lang='lat' dir='ltr'><strong>tute</strong></span> <span class='ocrx_word' id='word_1_672' title='bbox 1055 4751 1176 4808; x_wconf 76' lang='lat' dir='ltr'><strong>caelestis</strong></span> <span class='ocrx_word' id='word_1_673' title='bbox 1200 4753 1410 4808; x_wconf 88' lang='lat' dir='ltr'><strong>benedictionis</strong></span> <span class='ocrx_word' id='word_1_674' title='bbox 1427 4758 1456 4809; x_wconf 90' lang='lat' dir='ltr'><strong>et</strong></span> <span class='ocrx_word' id='word_1_675' title='bbox 1475 4755 1560 4810; x_wconf 89' lang='lat' dir='ltr'><strong>Verbi</strong></span> <span class='ocrx_word' id='word_1_676' title='bbox 1586 4755 1675 4810; x_wconf 91' lang='lat' dir='ltr'><strong>divini</strong></span> <span class='ocrx_word' id='word_1_677' title='bbox 1703 4755 1778 4810; x_wconf 92' lang='lat' dir='ltr'><strong>inid</strong></span> 
     </span>
     <span class='ocr_line' id='line_1_51' title="bbox 118 4837 1778 4912; baseline 0.005 -22"><span class='ocrx_word' id='word_1_678' title='bbox 118 4837 241 4894; x_wconf 74' lang='lat' dir='ltr'><strong>uictimis</strong></span> <span class='ocrx_word' id='word_1_679' title='bbox 256 4838 430 4910; x_wconf 81' lang='lat' dir='ltr'><strong>significatio</strong></span> <span class='ocrx_word' id='word_1_680' title='bbox 450 4838 506 4893; x_wconf 86' lang='lat' dir='ltr'><strong>luit</strong></span> <span class='ocrx_word' id='word_1_681' title='bbox 521 4837 616 4892; x_wconf 90' lang='lat' dir='ltr'><strong>carnis</strong></span> <span class='ocrx_word' id='word_1_682' title='bbox 634 4837 747 4904; x_wconf 87' lang='lat' dir='ltr'><strong>Christi,</strong></span> <span class='ocrx_word' id='word_1_683' title='bbox 766 4853 854 4909; x_wconf 90' lang='lat' dir='ltr'><strong>quam</strong></span> <span class='ocrx_word' id='word_1_684' title='bbox 870 4852 923 4907; x_wconf 90' lang='lat' dir='ltr'><strong>pro</strong></span> <span class='ocrx_word' id='word_1_685' title='bbox 975 4842 1053 4912; x_wconf 86' lang='lat' dir='ltr'><strong>quod</strong></span> <span class='ocrx_word' id='word_1_686' title='bbox 1069 4858 1127 4896; x_wconf 90' lang='lat' dir='ltr'><strong>non</strong></span> <span class='ocrx_word' id='word_1_687' title='bbox 1141 4845 1203 4897; x_wconf 89' lang='lat' dir='ltr'><strong>crat</strong></span> <span class='ocrx_word' id='word_1_688' title='bbox 1217 4845 1412 4912; x_wconf 89' lang='lat' dir='ltr'><strong>consecratur,</strong></span> <span class='ocrx_word' id='word_1_689' title='bbox 1432 4843 1503 4898; x_wconf 91' lang='lat' dir='ltr'><strong>nihil</strong></span> <span class='ocrx_word' id='word_1_690' title='bbox 1519 4843 1635 4912; x_wconf 83' lang='lat' dir='ltr'><strong>falsum,</strong></span> <span class='ocrx_word' id='word_1_691' title='bbox 1652 4844 1778 4899; x_wconf 87' lang='lat' dir='ltr'><strong>nihillri·</strong></span> 
     </span>
     <span class='ocr_line' id='line_1_52' title="bbox 118 4926 1777 5005; baseline 0.005 -23"><span class='ocrx_word' id='word_1_692' title='bbox 118 4927 244 4998; x_wconf 83' lang='lat' dir='ltr'><strong>peceatis</strong></span> <span class='ocrx_word' id='word_1_693' title='bbox 256 4928 362 4982; x_wconf 91' lang='lat' dir='ltr'><strong>nostris</strong></span> <span class='ocrx_word' id='word_1_694' title='bbox 374 4927 435 4998; x_wconf 90' lang='lat' dir='ltr'><strong>ipse</strong></span> <span class='ocrx_word' id='word_1_695' title='bbox 449 4928 510 4982; x_wconf 91' lang='lat' dir='ltr'><strong>sine</strong></span> <span class='ocrx_word' id='word_1_696' title='bbox 524 4931 641 5000; x_wconf 89' lang='lat' dir='ltr'><strong>peccato</strong></span> <span class='ocrx_word' id='word_1_697' title='bbox 656 4926 751 4981; x_wconf 89' lang='lat' dir='ltr'><strong>luerat</strong></span> <span class='ocrx_word' id='word_1_698' title='bbox 764 4927 922 4994; x_wconf 88' lang='lat' dir='ltr'><strong>oblaturus,</strong></span> <span class='ocrx_word' id='word_1_699' title='bbox 974 4931 1082 4993; x_wconf 84' lang='lat' dir='ltr'><strong>volum,</strong></span> <span class='ocrx_word' id='word_1_700' title='bbox 1097 4930 1167 4986; x_wconf 79' lang='lat' dir='ltr'><strong>nihil</strong></span> <span class='ocrx_word' id='word_1_701' title='bbox 1184 4931 1304 4986; x_wconf 83' lang='lat' dir='ltr'><strong>infidum</strong></span> <span class='ocrx_word' id='word_1_702' title='bbox 1321 4933 1489 4987; x_wconf 81' lang='lat' dir='ltr'><strong>sentiamus.</strong></span> <span class='ocrx_word' id='word_1_703' title='bbox 1503 4954 1516 4982; x_wconf 77' lang='lat' dir='ltr'><strong>a</strong></span> <span class='ocrx_word' id='word_1_704' title='bbox 1528 4931 1584 4987; x_wconf 84' lang='lat' dir='ltr'><strong>Sed</strong></span> <span class='ocrx_word' id='word_1_705' title='bbox 1595 4934 1663 5005; x_wconf 92' lang='lat' dir='ltr'><strong>quid</strong></span> <span class='ocrx_word' id='word_1_706' title='bbox 1679 4934 1777 4989; x_wconf 87' lang='lat' dir='ltr'><strong>adno-</strong></span> 
     </span>
     <span class='ocr_line' id='line_1_53' title="bbox 119 5013 1779 5094; baseline 0.005 -25"><span class='ocrx_word' id='word_1_707' title='bbox 119 5019 146 5069; x_wconf 86' lang='lat' dir='ltr'><strong>et</strong></span> <span class='ocrx_word' id='word_1_708' title='bbox 159 5017 291 5088; x_wconf 80' lang='lat' dir='ltr'><strong>sangaris,</strong></span> <span class='ocrx_word' id='word_1_709' title='bbox 299 5033 384 5088; x_wconf 90' lang='lat' dir='ltr'><strong>quem</strong></span> <span class='ocrx_word' id='word_1_710' title='bbox 393 5019 453 5070; x_wconf 91' lang='lat' dir='ltr'><strong>erat</strong></span> <span class='ocrx_word' id='word_1_711' title='bbox 460 5015 599 5073; x_wconf 84' lang='lat' dir='ltr'><strong>effusurus</strong></span> <span class='ocrx_word' id='word_1_712' title='bbox 609 5013 847 5071; x_wconf 88' lang='lat' dir='ltr'><strong>inremissionem</strong></span> <span class='ocrx_word' id='word_1_713' title='bbox 856 5030 922 5086; x_wconf 89' lang='lat' dir='ltr'><strong>pec·</strong></span> <span class='ocrx_word' id='word_1_714' title='bbox 974 5022 1062 5074; x_wconf 88' lang='lat' dir='ltr'><strong>stram</strong></span> <span class='ocrx_word' id='word_1_715' title='bbox 1080 5020 1265 5076; x_wconf 87' lang='lat' dir='ltr'><strong>tantilitatem</strong></span> <span class='ocrx_word' id='word_1_716' title='bbox 1276 5021 1311 5076; x_wconf 90' lang='lat' dir='ltr'><strong>dc</strong></span> <span class='ocrx_word' id='word_1_717' title='bbox 1326 5025 1616 5094; x_wconf 89' lang='lat' dir='ltr'><strong>tantorum,quorum</strong></span> <span class='ocrx_word' id='word_1_718' title='bbox 1628 5023 1779 5094; x_wconf 72' lang='lat' dir='ltr'><strong>praelibata</strong></span> 
     </span>
     <span class='ocr_line' id='line_1_54' title="bbox 119 5104 1778 5185; baseline 0.004 -26"><span class='ocrx_word' id='word_1_719' title='bbox 119 5109 254 5160; x_wconf 86' lang='lat' dir='ltr'><strong>catorum</strong></span> <span class='ocrx_word' id='word_1_720' title='bbox 270 5109 446 5162; x_wconf 89' lang='lat' dir='ltr'><strong>nostrorum.</strong></span> <span class='ocrx_word' id='word_1_721' title='bbox 463 5106 493 5160; x_wconf 91' lang='lat' dir='ltr'><strong>ln</strong></span> <span class='ocrx_word' id='word_1_722' title='bbox 509 5105 564 5163; x_wconf 88' lang='lat' dir='ltr'><strong>isto</strong></span> <span class='ocrx_word' id='word_1_723' title='bbox 582 5109 679 5162; x_wconf 88' lang='lat' dir='ltr'><strong>autom</strong></span> <span class='ocrx_word' id='word_1_724' title='bbox 702 5104 841 5160; x_wconf 82' lang='lat' dir='ltr'><strong>sacrificio</strong></span> <span class='ocrx_word' id='word_1_725' title='bbox 857 5121 922 5176; x_wconf 83' lang='lat' dir='ltr'><strong>gra-</strong></span> <span class='ocrx_word' id='word_1_726' title='bbox 974 5113 1043 5164; x_wconf 89' lang='lat' dir='ltr'><strong>sunt</strong></span> <span class='ocrx_word' id='word_1_727' title='bbox 1058 5109 1144 5178; x_wconf 89' lang='lat' dir='ltr'><strong>dieta,</strong></span> <span class='ocrx_word' id='word_1_728' title='bbox 1167 5109 1294 5166; x_wconf 89' lang='lat' dir='ltr'><strong>virorum</strong></span> <span class='ocrx_word' id='word_1_729' title='bbox 1324 5111 1529 5185; x_wconf 86' lang='lat' dir='ltr'><strong>discrepantia,</strong></span> <span class='ocrx_word' id='word_1_730' title='bbox 1543 5113 1592 5166; x_wconf 89' lang='lat' dir='ltr'><strong>scd</strong></span> <span class='ocrx_word' id='word_1_731' title='bbox 1615 5111 1778 5167; x_wconf 83' lang='lat' dir='ltr'><strong>ridentibus</strong></span> 
     </span>
     <span class='ocr_line' id='line_1_55' title="bbox 121 5193 1775 5272; baseline 0.006 -26"><span class='ocrx_word' id='word_1_732' title='bbox 121 5195 309 5250; x_wconf 86' lang='lat' dir='ltr'><strong>tiarumactio</strong></span> <span class='ocrx_word' id='word_1_733' title='bbox 319 5195 651 5267; x_wconf 84' lang='lat' dir='ltr'><strong>atquecemmemoratio</strong></span> <span class='ocrx_word' id='word_1_734' title='bbox 662 5193 923 5261; x_wconf 87' lang='lat' dir='ltr'><strong>estcarnisChristi,</strong></span> <span class='ocrx_word' id='word_1_735' title='bbox 975 5198 1400 5270; x_wconf 77' lang='lat' dir='ltr'><strong>censentaneadijudicarelht</strong></span> <span class='ocrx_word' id='word_1_736' title='bbox 1410 5199 1486 5254; x_wconf 84' lang='lat' dir='ltr'><strong>forto</strong></span> <span class='ocrx_word' id='word_1_737' title='bbox 1500 5199 1775 5272; x_wconf 87' lang='lat' dir='ltr'><strong>omnipotensDeus,</strong></span> 
     </span>
     <span class='ocr_line' id='line_1_56' title="bbox 121 5283 1778 5360; baseline 0.004 -21"><span class='ocrx_word' id='word_1_738' title='bbox 121 5299 207 5354; x_wconf 85' lang='lat' dir='ltr'><strong>quam</strong></span> <span class='ocrx_word' id='word_1_739' title='bbox 225 5283 374 5356; x_wconf 87' lang='lat' dir='ltr'><strong>pronubis</strong></span> <span class='ocrx_word' id='word_1_740' title='bbox 387 5283 500 5351; x_wconf 89' lang='lat' dir='ltr'><strong>obtulit,</strong></span> <span class='ocrx_word' id='word_1_741' title='bbox 517 5283 704 5354; x_wconf 89' lang='lat' dir='ltr'><strong>etsanguinis</strong></span> <span class='ocrx_word' id='word_1_742' title='bbox 719 5299 865 5356; x_wconf 88' lang='lat' dir='ltr'><strong>quemprc</strong></span> <span class='ocrx_word' id='word_1_743' title='bbox 876 5299 925 5338; x_wconf 92' lang='lat' dir='ltr'><strong>no·</strong></span> <span class='ocrx_word' id='word_1_744' title='bbox 976 5292 1005 5342; x_wconf 91' lang='lat' dir='ltr'><strong>et</strong></span> <span class='ocrx_word' id='word_1_745' title='bbox 1020 5291 1125 5342; x_wconf 80' lang='lat' dir='ltr'><strong>nostrae</strong></span> <span class='ocrx_word' id='word_1_746' title='bbox 1138 5287 1308 5342; x_wconf 91' lang='lat' dir='ltr'><strong>humilitatis</strong></span> <span class='ocrx_word' id='word_1_747' title='bbox 1323 5287 1466 5352; x_wconf 65' lang='lat' dir='ltr'><strong>conscius</strong></span> <span class='ocrx_word' id='word_1_748' title='bbox 1483 5291 1511 5342; x_wconf 89' lang='lat' dir='ltr'><strong>et</strong></span> <span class='ocrx_word' id='word_1_749' title='bbox 1536 5288 1629 5360; x_wconf 89' lang='lat' dir='ltr'><strong>magis</strong></span> <span class='ocrx_word' id='word_1_750' title='bbox 1648 5288 1778 5345; x_wconf 88' lang='lat' dir='ltr'><strong>lidelium</strong></span> 
     </span>
     <span class='ocr_line' id='line_1_57' title="bbox 123 5373 1779 5448; baseline 0.004 -22"><span class='ocrx_word' id='word_1_751' title='bbox 123 5373 163 5427; x_wconf 91' lang='lat' dir='ltr'><strong>bis</strong></span> <span class='ocrx_word' id='word_1_752' title='bbox 176 5374 258 5429; x_wconf 86' lang='lat' dir='ltr'><strong>idem</strong></span> <span class='ocrx_word' id='word_1_753' title='bbox 271 5375 346 5428; x_wconf 86' lang='lat' dir='ltr'><strong>Deus</strong></span> <span class='ocrx_word' id='word_1_754' title='bbox 360 5373 470 5429; x_wconf 83' lang='lat' dir='ltr'><strong>alludit.</strong></span> <span class='ocrx_word' id='word_1_755' title='bbox 485 5375 525 5429; x_wconf 84' lang='lat' dir='ltr'><strong>Ile</strong></span> <span class='ocrx_word' id='word_1_756' title='bbox 542 5391 599 5446; x_wconf 85' lang='lat' dir='ltr'><strong>quo</strong></span> <span class='ocrx_word' id='word_1_757' title='bbox 614 5374 714 5430; x_wconf 88' lang='lat' dir='ltr'><strong>heatus</strong></span> <span class='ocrx_word' id='word_1_758' title='bbox 734 5374 840 5428; x_wconf 88' lang='lat' dir='ltr'><strong>Paulus</strong></span> <span class='ocrx_word' id='word_1_759' title='bbox 854 5389 924 5446; x_wconf 90' lang='lat' dir='ltr'><strong>apo·</strong></span> <span class='ocrx_word' id='word_1_760' title='bbox 976 5392 1106 5439; x_wconf 89' lang='lat' dir='ltr'><strong>suorum,</strong></span> <span class='ocrx_word' id='word_1_761' title='bbox 1123 5391 1182 5431; x_wconf 90' lang='lat' dir='ltr'><strong>non</strong></span> <span class='ocrx_word' id='word_1_762' title='bbox 1198 5376 1287 5448; x_wconf 89' lang='lat' dir='ltr'><strong>impie</strong></span> <span class='ocrx_word' id='word_1_763' title='bbox 1307 5376 1516 5444; x_wconf 89' lang='lat' dir='ltr'><strong>dubitantium,</strong></span> <span class='ocrx_word' id='word_1_764' title='bbox 1530 5376 1614 5431; x_wconf 87' lang='lat' dir='ltr'><strong>saluti</strong></span> <span class='ocrx_word' id='word_1_765' title='bbox 1624 5379 1654 5432; x_wconf 90' lang='lat' dir='ltr'><strong>et</strong></span> <span class='ocrx_word' id='word_1_766' title='bbox 1667 5378 1779 5432; x_wconf 80' lang='lat' dir='ltr'><strong>haesita·</strong></span> 
     </span>
     <span class='ocr_line' id='line_1_58' title="bbox 123 5461 1779 5537; baseline 0.002 -21"><span class='ocrx_word' id='word_1_767' title='bbox 123 5461 320 5518; x_wconf 86' lang='lat' dir='ltr'><strong>stolusdicitin</strong></span> <span class='ocrx_word' id='word_1_768' title='bbox 328 5463 662 5535; x_wconf 80' lang='lat' dir='ltr'><strong>Actibusapostolorum:</strong></span> <span class='ocrx_word' id='word_1_769' title='bbox 672 5463 839 5519; x_wconf 78' lang='lat' dir='ltr'><strong>«Attendite</strong></span> <span class='ocrx_word' id='word_1_770' title='bbox 847 5462 926 5518; x_wconf 80' lang='lat' dir='ltr'><strong>uobis</strong></span> <span class='ocrx_word' id='word_1_771' title='bbox 976 5463 1048 5520; x_wconf 84' lang='lat' dir='ltr'><strong>ttoni</strong></span> <span class='ocrx_word' id='word_1_772' title='bbox 1062 5464 1199 5520; x_wconf 76' lang='lat' dir='ltr'><strong>sananda</strong></span> <span class='ocrx_word' id='word_1_773' title='bbox 1213 5463 1357 5536; x_wconf 87' lang='lat' dir='ltr'><strong>providus,</strong></span> <span class='ocrx_word' id='word_1_774' title='bbox 1366 5463 1535 5537; x_wconf 87' lang='lat' dir='ltr'><strong>dignabitur</strong></span> <span class='ocrx_word' id='word_1_775' title='bbox 1548 5465 1712 5537; x_wconf 82' lang='lat' dir='ltr'><strong>patefacere</strong></span> <span class='ocrx_word' id='word_1_776' title='bbox 1728 5481 1779 5537; x_wconf 88' lang='lat' dir='ltr'><strong>per</strong></span> 
     </span>
     <span class='ocr_line' id='line_1_59' title="bbox 126 5550 1777 5626; baseline 0.003 -25"><span class='ocrx_word' id='word_1_777' title='bbox 126 5570 138 5592; x_wconf 74' lang='grc' dir='ltr'><strong>ιι</strong></span> <span class='ocrx_word' id='word_1_778' title='bbox 150 5553 178 5601; x_wconf 84' lang='lat' dir='ltr'><strong>et</strong></span> <span class='ocrx_word' id='word_1_779' title='bbox 189 5551 321 5605; x_wconf 85' lang='lat' dir='ltr'><strong>universo</strong></span> <span class='ocrx_word' id='word_1_780' title='bbox 337 5551 429 5624; x_wconf 86' lang='lat' dir='ltr'><strong>gregi,</strong></span> <span class='ocrx_word' id='word_1_781' title='bbox 442 5550 469 5606; x_wconf 92' lang='lat' dir='ltr'><strong>iu</strong></span> <span class='ocrx_word' id='word_1_782' title='bbox 486 5567 543 5624; x_wconf 89' lang='lat' dir='ltr'><strong>quo</strong></span> <span class='ocrx_word' id='word_1_783' title='bbox 557 5569 606 5607; x_wconf 84' lang='lat' dir='ltr'><strong>uos</strong></span> <span class='ocrx_word' id='word_1_784' title='bbox 620 5552 741 5624; x_wconf 89' lang='lat' dir='ltr'><strong>Spiritus</strong></span> <span class='ocrx_word' id='word_1_785' title='bbox 752 5555 865 5608; x_wconf 89' lang='lat' dir='ltr'><strong>sanctus</strong></span> <span class='ocrx_word' id='word_1_786' title='bbox 879 5568 928 5625; x_wconf 91' lang='lat' dir='ltr'><strong>po·</strong></span> <span class='ocrx_word' id='word_1_787' title='bbox 978 5558 1083 5608; x_wconf 81' lang='lat' dir='ltr'><strong>nostrae</strong></span> <span class='ocrx_word' id='word_1_788' title='bbox 1095 5553 1288 5626; x_wconf 88' lang='lat' dir='ltr'><strong>inquisitionis</strong></span> <span class='ocrx_word' id='word_1_789' title='bbox 1302 5569 1420 5616; x_wconf 88' lang='lat' dir='ltr'><strong>munus,</strong></span> <span class='ocrx_word' id='word_1_790' title='bbox 1437 5557 1467 5608; x_wconf 91' lang='lat' dir='ltr'><strong>ut</strong></span> <span class='ocrx_word' id='word_1_791' title='bbox 1482 5555 1511 5608; x_wconf 88' lang='lat' dir='ltr'><strong>et</strong></span> <span class='ocrx_word' id='word_1_792' title='bbox 1526 5557 1614 5609; x_wconf 78' lang='lat' dir='ltr'><strong>tantae</strong></span> <span class='ocrx_word' id='word_1_793' title='bbox 1637 5553 1777 5608; x_wconf 71' lang='lat' dir='ltr'><strong>utilitatis</strong></span> 
     </span>
     <span class='ocr_line' id='line_1_60' title="bbox 128 5639 1779 5717; baseline 0.002 -25"><span class='ocrx_word' id='word_1_794' title='bbox 128 5659 140 5683; x_wconf 68' lang='lat' dir='ltr'><strong>a</strong></span> <span class='ocrx_word' id='word_1_795' title='bbox 152 5639 362 5713; x_wconf 87' lang='lat' dir='ltr'><strong>suitepiscopos</strong></span> <span class='ocrx_word' id='word_1_796' title='bbox 369 5657 471 5713; x_wconf 86' lang='lat' dir='ltr'><strong>regere</strong></span> <span class='ocrx_word' id='word_1_797' title='bbox 480 5641 636 5699; x_wconf 86' lang='lat' dir='ltr'><strong>Ecclesiam</strong></span> <span class='ocrx_word' id='word_1_798' title='bbox 643 5641 704 5710; x_wconf 87' lang='lat' dir='ltr'><strong>Dei,</strong></span> <span class='ocrx_word' id='word_1_799' title='bbox 713 5659 800 5716; x_wconf 88' lang='lat' dir='ltr'><strong>quam</strong></span> <span class='ocrx_word' id='word_1_800' title='bbox 808 5641 928 5717; x_wconf 84' lang='lat' dir='ltr'><strong>acquisi-</strong></span> <span class='ocrx_word' id='word_1_801' title='bbox 979 5659 1043 5716; x_wconf 81' lang='lat' dir='ltr'><strong>quac</strong></span> <span class='ocrx_word' id='word_1_802' title='bbox 1052 5643 1081 5698; x_wconf 92' lang='lat' dir='ltr'><strong>in</strong></span> <span class='ocrx_word' id='word_1_803' title='bbox 1095 5643 1198 5699; x_wconf 88' lang='lat' dir='ltr'><strong>eodem</strong></span> <span class='ocrx_word' id='word_1_804' title='bbox 1208 5643 1281 5699; x_wconf 88' lang='lat' dir='ltr'><strong>libro</strong></span> <span class='ocrx_word' id='word_1_805' title='bbox 1292 5645 1346 5712; x_wconf 89' lang='lat' dir='ltr'><strong>cst,</strong></span> <span class='ocrx_word' id='word_1_806' title='bbox 1355 5646 1474 5717; x_wconf 89' lang='lat' dir='ltr'><strong>propter</strong></span> <span class='ocrx_word' id='word_1_807' title='bbox 1485 5659 1575 5698; x_wconf 92' lang='lat' dir='ltr'><strong>unum</strong></span> <span class='ocrx_word' id='word_1_808' title='bbox 1587 5641 1704 5696; x_wconf 82' lang='lat' dir='ltr'><strong>uerbum</strong></span> <span class='ocrx_word' id='word_1_809' title='bbox 1720 5655 1779 5695; x_wconf 91' lang='lat' dir='ltr'><strong>non</strong></span> 
     </span>
    </p>
   </div>
   <div class='ocr_carea' id='block_1_3' title="bbox 0 0 1972 6164">
    <p class='ocr_par' dir='ltr' id='par_1_3' title="bbox 0 0 1972 6164">
     <span class='ocr_line' id='line_1_61' title="bbox 0 0 1972 6164; baseline 0 0"><span class='ocrx_word' id='word_1_810' title='bbox 0 0 1972 6164; x_wconf 95' lang='lat' dir='ltr'><strong> </strong></span> 
     </span>
    </p>
   </div>
  </div>
 </body>
</html>
