4022 6188
178 349 246 412 aaa
543 319 546 326 ⁴
844 347 1131 414 annonariam
1751 362 1809 425 aar

180 473 276 534 lleriae
290 473 417 550 positum
430 473 460 532 iu
474 472 619 532 territorio
628 472 771 534 Pinnense
780 473 977 550 inleco,qu0d
987 477 1015 540 Α
1026 474 1145 534 nasterii
1154 474 1243 532 luerit
1249 471 1810 543 incitatuanecmissammeolemniteten

177 564 294 644 ldoeenp
312 564 431 634 dicitur;
460 563 608 621 enimvero
633 568 662 621 et
676 565 886 622 monasterinm
901 563 979 621 eliud
1029 565 1811 640 quispiamcelebrarepresumatstatusntesapostolice

177 657 377 711 consecratum
393 653 422 708 iu
436 653 578 710 bonorem
594 655 624 710 S.
647 653 698 710 uei
717 654 864 728 genitricis
886 653 980 710 ldarioe
1029 651 1148 726 insuper
1161 669 1282 710 censura
1296 653 1348 708 sub
1370 651 1456 708 divini
1469 653 1569 726 judicii
1582 655 1809 726 obtestationibus,

177 741 208 798 in
222 743 296 808 loco,
312 740 361 814 qui
386 741 489 797 dicitur
513 743 588 798 Duas
608 743 748 799 basilicas.
776 744 848 800 ltem
874 745 903 799 et
925 743 981 798 alia
1030 743 1059 796 et
1072 741 1173 798 validis
1185 745 1272 814 atque
1286 741 1431 798 atrocibus
1445 742 1637 798 anathematis
1651 743 1810 803 interdictis

178 831 251 888 cella
266 829 286 887 S
310 830 406 886 ldariae
412 831 495 902 juxta
508 831 626 888 flurium
639 831 747 900 Triuio,
761 831 901 904 quoniam
917 830 982 904 qui·
1030 830 1124 898 nibus,
1141 833 1173 888 ut
1188 833 1421 904 nullusunquam
1437 834 1595 904 praesumat
1606 833 1743 905 quispiam
1753 834 1812 890 ebus

179 919 259 986 dem,
268 922 298 976 et
307 920 414 976 cellaS.
427 920 514 976 Sossii
525 921 554 976 in
564 921 690 989 Liburia,
702 922 839 994 locusque
850 921 980 976 Pantano
1029 920 1224 992 cujuscunque
1235 918 1384 992 dignitatis
1392 919 1811 992 praedituspotestate,reletisn

177 1023 245 1064 cum
259 1007 373 1082 integre
384 1009 446 1082 ipso
456 1009 555 1066 Waldo
566 1011 731 1082 pertinente
741 1009 794 1082 ipsi
803 1008 979 1066 monasterio
1029 1007 1059 1063 in
1072 1009 1176 1064 eodem
1191 1007 1347 1064 venerabili
1363 1008 1554 1078 monasterio,
1578 1011 1621 1065 vel
1642 1011 1720 1083 cujus
1736 1011 1813 1068 causis

178 1097 208 1158 S.
223 1097 378 1169 vincentii,
393 1101 471 1174 quod
486 1101 575 1156 habet
590 1101 662 1156 lines
677 1099 713 1168 de
731 1100 826 1173 prima
839 1101 920 1172 parte
933 1097 980 1153 via
1028 1097 1208 1166 incumbere,
1235 1099 1284 1152 aut
1311 1097 1348 1154 de
1371 1098 1467 1162 rebus,
1482 1100 1511 1154 et
1536 1099 1811 1170 possessionibusve

179 1188 309 1261 antiqua,
327 1189 376 1262 qui
388 1188 467 1245 venit
480 1190 517 1245 ad
535 1190 669 1257 ducenta,
693 1188 743 1261 qni
756 1188 885 1244 deceruit
904 1189 980 1244 inter
1029 1187 1158 1243 Ecclesiis
1169 1186 1365 1259 subjectis,vel
1375 1187 1518 1260 quidquid
1529 1188 1564 1244 de
1574 1187 1813 1245 bisexindeiuesse

179 1275 252 1346 base,
271 1280 359 1346 terra,
372 1277 582 1346 seuwaldo,et
595 1277 652 1334 alia
666 1280 754 1345 terra,
765 1276 915 1344 etWaldo,
931 1274 980 1349 qui
1029 1275 1271 1350 videturquoquo
1293 1275 1381 1332 mode
1406 1275 1531 1344 auferre,
1558 1279 1607 1332 aut
1626 1278 1756 1345 alienare,
1770 1295 1813 1334 nee

178 1364 234 1422 luit
245 1367 376 1440 praedicti
392 1366 572 1436 monasterii,
583 1369 613 1422 et
627 1369 703 1423 terra
714 1365 770 1422 alia
782 1365 870 1438 ipsius
880 1381 981 1421 mona·
1030 1363 1348 1439 quamlibetmalitiam,
1360 1367 1409 1420 ant
1416 1365 1537 1438 jacturas
1549 1365 1712 1422 molestiam
1720 1365 1813 1424 ibidem

177 1453 268 1523 sterii,
282 1458 312 1511 st
325 1456 449 1528 qualiter
463 1455 608 1528 demergit
630 1455 673 1512 via
693 1455 824 1527 antiqua,
840 1453 889 1527 qui
902 1453 981 1510 vadit
1028 1455 1087 1510 sire
1102 1453 1189 1527 pacis,
1198 1453 1255 1508 sive
1265 1451 1424 1510 barbaricis
1437 1454 1622 1526 temporibus
1628 1455 1813 1527 quoquomodo

178 1542 215 1600 ed
231 1542 293 1615 ipsa
308 1543 417 1616 piscina
429 1545 491 1618 jam
514 1544 582 1599 dicti
596 1543 776 1610 monasterii,
795 1545 824 1598 et
838 1542 981 1616 demergit
1029 1540 1709 1614 inferendumpraelatumperenniter,utdictum
1719 1547 1814 1598 esttam

178 1629 225 1686 uia
236 1629 298 1703 ipsa
311 1631 387 1688 inter
400 1631 476 1704 ipsas
490 1635 592 1701 terras,
606 1635 635 1688 et
648 1631 749 1687 Waldo
758 1632 821 1703 jam
833 1630 902 1687 dicti
915 1647 980 1686 mo·
1028 1630 1106 1704 pacis
1128 1646 1217 1702 quam
1236 1629 1379 1686 barbarici
1407 1629 1547 1702 temporis
1574 1630 1661 1686 llrrna
1679 1629 1814 1687 stabilitate

180 1719 309 1787 naeterii,
320 1723 349 1777 ct
363 1720 600 1794 tarraeliaipsius
614 1720 794 1789 monasterii,
806 1720 980 1792 quadicitur
1030 1719 1213 1776 decernimus
1228 1719 1281 1774 sub
1293 1717 1493 1790 jurisdictione
1509 1721 1615 1774 sanctae
1637 1717 1759 1774 Ecclesia
1772 1736 1814 1774 no·

181 1806 217 1864 de
230 1807 361 1877 Tortora,
378 1811 407 1864 et
420 1811 499 1869 terra
518 1810 553 1865 de
568 1809 745 1876 bominibus,
762 1809 811 1881 qui
826 1808 865 1865 ibi
877 1808 979 1866 alllnes
992 1829 1018 1889 Β
1030 1812 1095 1864 strae
1105 1823 1278 1880 permanen.
1290 1807 1511 1879 Promulgantes
1520 1811 1666 1880 nempeet
1676 1807 1727 1863 bac
1736 1811 1816 1864 aucte

178 1898 255 1965 sunt,
267 1899 297 1953 et
313 1896 385 1954 sicut
399 1896 500 1970 incipit
511 1913 597 1970 super
611 1897 672 1970 ipsa
685 1896 842 1970 piscina,et
856 1896 980 1970 qualiter
1029 1895 1115 1952 ritate
1131 1897 1161 1950 B.
1178 1896 1376 1968 apostolorum
1393 1894 1531 1969 principis
1546 1911 1647 1952 coram
1660 1895 1717 1952 Deo
1729 1899 1756 1952 et
1768 1899 1817 1952 ter·

180 1985 464 2059 revolritsuperipsa
473 1986 594 2042 terradc
603 1985 707 2042 eodem
719 1986 868 2054 waldo,et
877 1985 981 2042 eadem
1030 1983 1106 2040 ribili
1119 1984 1181 2056 ejus
1196 1981 1328 2039 examine
1342 1999 1394 2056 pro
1405 1983 1502 2040 futuro
1516 1999 1568 2056 per
1577 1984 1817 2057 hujusnostriapn·

178 2075 258 2130 terra
271 2074 307 2131 de
320 2075 452 2144 Tartara,
466 2076 495 2132 et
508 2075 586 2130 vadit
600 2074 636 2129 ad
656 2073 750 2146 ipsum
767 2075 898 2130 Pantano
908 2089 982 2145 prae·
1031 2071 1123 2129 stolici
1134 2071 1287 2145 privilegii,
1303 2074 1390 2146 atque
1414 2071 1562 2128 constituti
1576 2072 1729 2142 sancimus,
1744 2075 1816 2146 etque

182 2162 251 2220 dicti
266 2163 445 2229 monasterii,
459 2166 489 2220 et
502 2163 630 2235 perrexit
641 2162 794 2235 peripsum
806 2163 980 2230 crunnum,
1031 2161 1224 2230 decernimus,
1239 2164 1269 2216 ut
1292 2161 1357 2216 loca
1371 2178 1436 2234 quae
1454 2161 1490 2217 ab
1505 2161 1661 2217 abbatibus
1673 2161 1816 2234 cujuslibet,

177 2255 207 2308 et
220 2251 344 2320 Silva,et
356 2251 461 2324 palude
476 2269 567 2325 usque
582 2252 687 2323 inipso
702 2251 818 2326 frigido.
829 2253 982 2325 llequarta
1030 2266 1094 2322 quac
1109 2250 1189 2307 vobis
1204 2249 1233 2305 in
1245 2249 1350 2306 eodem
1365 2248 1487 2323 praelato
1500 2266 1597 2307 vener.
1613 2250 1782 2306 monastario
1792 2250 1817 2306 S.

179 2357 247 2398 vero
261 2343 343 2414 parte
362 2341 424 2397 sine
436 2341 498 2414 jarn
518 2340 594 2404 dicto
607 2339 724 2412 frigido,
739 2341 842 2412 etjam
858 2339 981 2397 dictola·
1030 2339 1172 2394 Vincentii
1199 2343 1285 2394 mart.
1312 2341 1503 2406 commutata,
1518 2340 1562 2394 uel
1586 2339 1678 2395 etiam
1701 2355 1817 2396 concesse

181 2445 236 2486 neo
251 2428 339 2485 etiam
353 2446 412 2485 una
429 2445 494 2486 curn
507 2429 569 2484 aliis
583 2427 767 2485 monasteriis
780 2431 810 2483 et
824 2427 901 2484 cellis
913 2446 980 2484 cum
1030 2429 1163 2497 snnt,nec
1178 2445 1238 2484 non
1254 2431 1283 2485 et
1295 2427 1365 2484 alias
1376 2429 1508 2484 locorum
1518 2429 1725 2500 possessiones,
1739 2445 1817 2502 quae

182 2515 253 2573 casis
266 2521 295 2572 et
309 2517 458 2581 casalibus,
473 2533 539 2572 cum
554 2515 642 2571 servis
654 2518 684 2571 et
703 2514 813 2570 ancillis
832 2516 979 2589 utriusque
1030 2518 1155 2590 regibus,
1173 2534 1206 2573 ac
1219 2517 1349 2586 ducibus,
1364 2516 1408 2573 rel
1422 2517 1586 2586 castaldeis,
1600 2517 1738 2574 universis
1751 2517 1817 2574 Chri·

182 2621 265 2662 sexus
288 2603 395 2660 ibidem
420 2604 622 2673 residentibus,
638 2604 683 2661 vel
702 2619 768 2660 cum
787 2604 888 2660 omnia
905 2609 935 2662 et
948 2606 979 2662 in
1029 2606 1130 2663 stiauis
1150 2606 1178 2662 in
1196 2606 1300 2662 eodem
1315 2608 1415 2663 sancto
1431 2607 1494 2661 loco
1510 2605 1615 2678 largita
1637 2609 1722 2680 atque
1737 2606 1818 2662 oblate

187 2692 980 2766 omnibussuispertinentiistibi,tuisquesuccessoribus
1030 2697 1107 2760 sunt,
1123 2697 1174 2751 aut
1188 2695 1216 2750 io
1235 2698 1384 2767 posterum
1400 2693 1457 2749 illic
1470 2710 1605 2750 concessa
1615 2694 1734 2763 fuerint,
1747 2694 1819 2749 lrrme

182 2781 346 2845 abbatibus.
361 2781 411 2855 qui
426 2780 534 2838 ibidem
549 2782 723 2855 intempore
736 2781 855 2839 luerint.
872 2783 980 2839 Conce-
1030 2783 1187 2840 stabilitate
1198 2783 1257 2856 juri
1272 2783 1360 2856 ipsius
1373 2782 1487 2856 praeiati
1503 2799 1567 2840 ven.
1583 2783 1751 2840 monasterii
1770 2780 1820 2838 eri·

181 2869 276 2926 dimus
291 2872 324 2926 ut
335 2871 387 2927 sub
406 2871 606 2943 jurisdictione
620 2874 726 2928 sanctae
741 2874 847 2928 nostrae
861 2871 906 2927 cui
921 2873 980 2928 Deo
1030 2873 1133 2932 stenda
1144 2875 1230 2945 atque
1241 2871 1270 2927 in
1278 2875 1450 2946 perpetuum
1460 2871 1666 2944 permanenda
1674 2870 1819 2928 statuimus.

180 2960 297 3016 auctore
330 2957 505 3016 deservimus
530 2960 662 3016 Ecclesia
689 2959 770 3016 uobis
798 2959 981 3016 attinendum
1031 2965 1088 3020 Nec
1103 2961 1219 3018 licentia
1233 2960 1323 3028 sit,ut
1336 2959 1507 3028 dictumest,
1519 2961 1633 3032 atejus,
1647 2958 1821 3016 relomnibus

178 3047 284 3105 nullius
296 3045 413 3103 alterius
437 3047 568 3104 Ecclesiae
589 3047 837 3122 jurisdictionibus
862 3048 983 3104 submit
1032 3051 1129 3110 sidem
1144 3049 1320 3106 monasterio
1339 3049 1484 3121 pertinen.
1499 3048 1635 3122 cuiquam
1649 3066 1759 3122 magne
1768 3064 1823 3121 par·

180 3139 289 3192 tantm.
303 3137 427 3209 Proque
447 3151 479 3192 re
495 3135 549 3210 piis
562 3134 711 3193 desideriis
730 3136 867 3205 faventes,
883 3154 916 3194 ac
931 3154 983 3195 no·
996 3115 1020 3176 C
1034 3157 1132 3214 vesque
1146 3154 1279 3211 personae
1289 3138 1470 3207 auterre,aut
1478 3137 1599 3209 praeiato
1605 3139 1691 3211 juxta
1701 3137 1739 3208 id,
1755 3136 1822 3212 qued

180 3228 240 3282 stra
253 3225 426 3282 auctoritate
438 3225 517 3299 quod
534 3224 707 3297 exposcitur,
723 3225 935 3300 mancipamur.
950 3229 985 3284 Et
1033 3230 1194 3301 subjectum
1206 3227 1315 3284 eisdem
1331 3226 1474 3282 venlocis
1484 3226 1650 3299 apostolicis
1664 3226 1820 3292 constitutis,

180 3312 247 3387 ideo
274 3313 459 3371 concedimus
486 3313 566 3370 vobis
592 3314 749 3387 vestrisque
776 3316 984 3373 successoribus
1034 3321 1121 3392 atque
1141 3315 1297 3391 privilegiis
1317 3314 1454 3372 consistat
1468 3315 1498 3371 in
1519 3315 1753 3373 concurrendum
1767 3329 1822 3388 per·

182 3401 334 3460 abbatibus
357 3403 503 3460 licentiam
529 3401 784 3474 apostolicaesedis
809 3407 925 3472 nostra,
952 3409 985 3462 ut
1034 3409 1162 3467 maneat.
1174 3405 1300 3462 Etliceat
1315 3405 1434 3461 eosdem
1442 3406 1602 3462 monachos
1612 3405 1651 3462 de
1660 3423 1710 3462 sue
1718 3420 1823 3478 congre

182 3490 593 3564 quamlibetchristiauitatem
601 3489 798 3563 indigentibus
807 3491 837 3547 in
846 3493 983 3566 praedicto
1034 3497 1151 3572 gatioue
1164 3495 1300 3553 abbatem
1315 3512 1431 3570 semper
1444 3496 1562 3568 eligere,
1578 3496 1665 3553 liceat
1678 3496 1768 3568 ipsum
1781 3494 1823 3550 ab·

182 3594 280 3633 vener.
297 3578 486 3647 monasterio,
502 3578 595 3652 qualis
609 3578 758 3652 spiscopus
771 3580 851 3637 vobis
867 3581 904 3638 ad
915 3582 984 3639 inri-
1033 3587 1143 3655 batem,
1159 3586 1208 3660 qui
1226 3585 1336 3642 luerint
1360 3603 1426 3642 suos
1443 3584 1575 3659 judicare
1598 3586 1757 3644 monachos
1772 3600 1823 3640 noo

182 3665 983 3741 tandumjurevolueritishabendipotestatemomnino
1034 3676 1128 3732 solum
1152 3673 1232 3730 virile
1261 3674 1482 3742 monasterium,
1505 3674 1556 3731 sed
1576 3673 1668 3730 etiam
1697 3673 1824 3730 muliebre

183 3753 984 3828 concedimusadEcclesiasconflrmnndas,seuabbatem
1034 3762 1244 3820 monasterium
1256 3762 1310 3818 sibi
1323 3762 1494 3834 subjectum.
1508 3761 1615 3836 Siquis
1633 3765 1742 3832 auum,
1757 3761 1824 3836 quod

182 3844 423 3902 consecrandum.
453 3845 547 3902 Etiam
563 3845 695 3902 similiter
712 3846 928 3904 ordinationem
948 3849 984 3906 de
1036 3867 1094 3910 non
1108 3854 1253 3924 optamus,
1269 3850 1379 3910 nelarie
1394 3868 1464 3908 ausu
1474 3851 1695 3924 presumpserit
1705 3852 1823 3924 necque

183 3933 419 4004 subdiaconibus,
433 3936 463 3992 et
481 3934 651 3992 diaconibus
671 3951 720 3992 seu
737 3936 912 4010 presbyteris
932 3954 985 4012 per
1035 3939 1147 3997 anobis
1160 3940 1196 3995 ad
1208 3939 1325 3996 laudem
1338 3939 1390 3996 liei
1403 3955 1457 4013 pro
1479 3938 1636 3996 stabilitate
1656 3955 1721 3996 ven.
1734 3953 1824 3995 mone·

181 4026 316 4099 tempora
322 4024 536 4093 faciendumst
545 4024 582 4080 ad
589 4041 708 4082 omnem
717 4027 839 4098 medum
852 4028 983 4086 ecclesia·
1033 4029 1110 4086 elerii
1124 4015 1231 4084 statuta
1244 4032 1311 4086 sunt
1324 4027 1482 4100 refragare,
1498 4030 1548 4084 eut
1561 4027 1593 4083 in
1604 4029 1825 4102 quoquemtrau·

182 4113 286 4170 sticum
296 4113 407 4171 ibidem
416 4113 447 4170 in
461 4117 593 4188 tempore
609 4112 984 4187 adimplendumrrotesta·
1033 4117 1089 4174 sire
1106 4116 1259 4186 discilium,
1284 4115 1477 4172 anathematis
1500 4114 1613 4173 vinculo
1626 4116 1790 4182 innodatus,
1801 4113 1825 4169 et

182 4217 250 4258 mur
261 4203 350 4260 etiam
365 4204 461 4260 nullus
473 4203 623 4277 episcopus
633 4202 738 4259 exinde
751 4203 855 4260 debeat
865 4206 983 4263 subdia·
1032 4221 1098 4262 cnm
1123 4205 1249 4276 diabolo,
1275 4208 1305 4261 et
1319 4206 1381 4280 eJus
1395 4203 1579 4262 atrocissimis
1593 4206 1720 4280 pompis,
1744 4208 1820 4277 etque

182 4290 983 4365 eonnm‚diacnnum,seupresbyterumadsuumcouci-
1032 4310 1099 4351 cum
1121 4295 1194 4350 luda
1213 4293 1356 4358 ,traditore
1382 4293 1499 4350 Domini
1518 4293 1609 4352 nostd
1635 4296 1703 4351 lesu
1728 4289 1820 4352 Christi

181 4379 981 4454 liumprovocare,nisisualueritroluntas,autabbatem,
996 4386 1141 4471 Daterno
1156 4382 1290 4440 incendio
1304 4383 1534 4440 concremandus
1545 4383 1710 4456 deputetur.
1722 4385 1755 4439 tt
1764 4396 1821 4437 vero

181 4469 226 4524 rel
238 4471 500 4526 monachumnullo
512 4469 599 4525 modo
607 4469 749 4542 judicare,
758 4471 802 4526 vel
813 4486 982 4529 excommu·
1033 4473 1081 4546 qui
1095 4471 1143 4546 pin
1165 4472 1270 4528 intuitu
1294 4472 1523 4541 observaturum,
1540 4475 1569 4528 et
1591 4472 1621 4528 in
1636 4472 1770 4530 omuibus
1781 4487 1822 4526 er·

183 4555 532 4614 nicare.Volumus'etiam
541 4561 570 4613 et
582 4558 983 4631 apostelicainjungimuseu·
1032 4560 1137 4618 stiterit
1148 4561 1311 4618 custodiens
1321 4561 1407 4632 hujus
1421 4561 1513 4617 nostri
1528 4559 1681 4626 apostolici
1696 4560 1822 4618 constitu-

182 4645 314 4703 ctoritete
330 4647 410 4705 robis
421 4649 578 4720 vestrisque
593 4647 804 4704 successoribus
818 4648 981 4720 abbatibus,
1032 4653 1094 4704 tum
1121 4650 1159 4706 ad
1185 4651 1295 4704 cultum
1310 4648 1361 4705 bei
1380 4647 1610 4720 respicientibus,
1624 4645 1824 4705 benedictionis

181 4734 230 4807 qui
244 4731 353 4791 ibidem
363 4736 393 4791 in
406 4740 538 4808 tempore
548 4735 759 4808 praeordinatus
771 4735 859 4792 merit
867 4738 980 4812 dequa-
1032 4737 1167 4810 gratiam,
1183 4737 1330 4812 vitamque
1358 4741 1498 4793 aternam
1523 4753 1540 4792 a
1564 4735 1822 4794 misericordissimo

180 4823 314 4898 licuuque
331 4824 455 4880 Ecclesia
477 4825 619 4894 sacerdos,
632 4825 677 4882 vel
691 4824 785 4881 clerici
798 4827 930 4883 venerint
944 4829 980 4885 nd
1030 4825 1155 4882 Domino
1171 4827 1230 4882 lleo
1244 4829 1343 4882 nostro
1358 4825 1555 4897 multipliciter
1578 4827 1780 4898 consequatur,
1799 4823 1824 4878 et

179 4913 382 4982 habitandum,
393 4913 907 4983 autinconversationeiratrum,sive
916 4932 978 4972 mo·
1031 4915 1094 4970 vitm
1111 4917 1227 4971 eternae
1241 4914 1385 4987 particeps
1398 4913 1472 4970 ellici
1488 4915 1645 4970 mereatur.

178 4999 658 5072 nacbicumsuscipiendihabitum,
671 5019 700 5058 se
710 5003 978 5071 contulerit,statim
1064 5003 1209 5075 Scriptum
1220 5018 1386 5074 parmenus
1396 5001 1544 5058 benedicti
1553 5000 1657 5057 notarii
1665 4996 1823 5074 ragenarii,

176 5091 349 5166 recipiendi;
365 5089 490 5147 chrisma
504 5105 571 5146 vero
584 5094 614 5145 et
626 5091 723 5146 oleum
733 5095 978 5167 sanctumaquali
1028 5092 1057 5144 et
1082 5091 1223 5147 scriniarii
1240 5091 1269 5146 S.
1284 5091 1318 5150 ll.
1333 5091 1364 5147 E.
1378 5090 1408 5146 in
1425 5107 1527 5146 mense
1552 5089 1707 5146 Februario
1727 5085 1821 5144 indict·

176 5182 311 5255 episcope
326 5179 406 5236 robis
420 5180 552 5235 voluntas
569 5177 667 5248 fuerit,
682 5178 870 5251 impetrandi.
882 5181 978 5239 Liceat
1027 5195 1054 5234 x.
1072 5181 1146 5236 Bene
1174 5180 1229 5235 val.
1254 5181 1324 5235 llata
1338 5196 1354 5234 r
1368 5179 1431 5238 llel.
1454 5177 1545 5236 Martii
1559 5195 1612 5252 per
1625 5193 1730 5234 manus
1744 5171 1822 5238 Petri,

173 5285 289 5343 semper
299 5273 329 5326 et
338 5268 509 5337 secundum,
525 5270 558 5324 ut
568 5266 703 5335 diximus,
719 5267 771 5322 sub
785 5270 975 5341 apostolicam
1026 5267 1142 5324 Domini
1167 5267 1261 5341 gratia
1286 5267 1414 5341 episcopi
1433 5267 1462 5324 S.
1478 5267 1662 5323 Praeoestinoe
1688 5261 1822 5328 Ecclesia,

172 5361 301 5416 nostram
316 5359 540 5429 potestatem,et
553 5372 673 5412 omnam
684 5355 835 5428 cujuslibet
844 5357 973 5416 Ecclesia
1025 5361 1053 5412 at
1078 5357 1288 5415 bibliothecarii
1313 5359 1420 5414 sancta·
1449 5356 1613 5428 apostolica
1640 5354 1723 5422 sedis,
1752 5365 1822 5408 anne

169 5447 350 5505 sacerdotem
373 5444 403 5503 in
418 5447 539 5521 prelato
551 5463 606 5504 veo
638 5445 814 5502 monasterio
830 5445 970 5502 ditionum
1023 5445 1073 5502 liei
1088 5446 1217 5518 propitio
1234 5445 1419 5519 pontillcetus
1432 5443 1545 5501 domini
1565 5443 1655 5500 nostri
1668 5440 1823 5514 Sergiissn·

169 5535 522 5610 quemlibetbaberchanc
535 5535 749 5602 auctoritatem,
758 5534 967 5608 praetersedem
1019 5534 1138 5592 ctissimi
1146 5535 1182 5591 lli
1193 5551 1277 5609 papae
1294 5533 1414 5592 sedente
1427 5549 1504 5590 anno
1521 5535 1547 5603 s,
1559 5527 1822 5603 indietsupradicta

163 5623 352 5706 apostolicam
361 5623 560 5698 prohibemns,
572 5626 613 5683 ita
628 5627 669 5695 ut,
680 5624 732 5681 nisi
745 5623 782 5680 ab
792 5621 897 5680 abbate
904 5639 965 5680 mo·
1016 5625 1140 5681 decima.
