3936 6172
203 285 255 348 tas
549 281 727 344 sltvasml
741 281 765 342 ll
775 281 875 342 PAPAE
891 279 969 340 ΟῬΡ.
980 276 1071 338 etas
1086 277 1119 337 ll.
1134 307 1171 322 -—
1182 278 1229 338 DE
1243 278 1355 339 REBUS
1368 278 1509 342 EGCLES.
1804 285 1857 347 184

200 411 338 487 depereat
351 407 479 470 tructus:
497 413 526 467 el
539 410 615 468 beati
629 409 783 480 Ambrosii,
795 411 875 482 eujus
884 429 943 484 prae
954 429 1007 468 cre·
1014 419 1042 480 Α
1058 413 1165 483 gerunt
1178 410 1299 478 unitum,
1316 411 1617 484 interrogo,utrumne
1628 415 1800 486 pernatare
1808 431 1856 474 re·

200 501 271 559 teris
280 500 347 556 libri
363 501 496 574 indigent
510 503 673 576 expositore
687 505 766 578 (quia
781 507 875 560 nullus
890 505 1006 560 Latinus
1056 501 1173 556 ritatem
1186 501 1273 556 hodie
1285 500 1411 556 Christus
1421 500 1543 557 iunobis
1554 501 1600 570 sit,
1617 519 1654 558 an
1670 519 1722 575 per
1736 522 1857 562 concor·

201 589 242 645 ita
256 590 367 646 Graecos
386 595 499 646 secutus
522 593 634 648 videtur
658 595 731 666 esse)
755 595 852 669 ipsius,
874 596 1004 667 inquam,
1057 590 1135 646 diem
1148 591 1317 646 voluntatis?
1328 590 1356 646 Si
1371 591 1449 646 enirn
1462 609 1528 646 vere
1537 593 1663 650 Verbum
1674 597 1858 652 rarefactum

202 680 357 736 auctoritas
369 681 499 752 palmam
513 681 601 753 digua
615 683 651 738 sit
667 684 807 739 obtinere.
1056 683 1107 745 est,
1121 683 1150 734 ct
1159 696 1223 735 vore
1234 697 1286 735 nos
1301 681 1426 735 Verbum
1436 697 1554 736 carnem
1569 683 1677 738 lactum
1689 684 1752 740 cibo
1761 687 1860 741 Domi·

237 768 270 824 V.
287 769 407 841 Cyrillus
422 785 428 820 :
445 791 458 820 u
471 771 632 826 Necessarie
643 771 764 844 igituret
778 775 833 828 hoc
843 773 1004 844 adjicimus,
1056 769 1120 823 nico
1135 769 1435 840 sirmimus‚quomod0
1452 771 1685 828 connaturaliter
1697 789 1816 828 manere
1828 772 1859 829 in

203 857 850 921 annuntiantes,secundumcsrnemmortem
865 863 1006 934 unigeniti
1056 857 1859 928 uobisexistimandusest,quietnaturamcarnisnostrre

202 945 265 1001 lilii
276 945 338 1013 Dei,
348 946 428 1002 idest
441 946 505 1003 Jesu
517 947 631 1016 Christi,
643 953 672 1004 et
681 951 921 1006 resurrectionem
934 951 1005 1022 ojus,
1053 945 1116 1016 jam
1129 946 1350 1018 inseparabilem
1368 946 1431 1013 sibi,
1445 947 1534 1003 homo
1554 951 1638 1004 natus
1655 951 1816 1022 assumpsit,
1831 953 1862 1008 et

203 1033 274 1090 etin
294 1036 380 1091 coelos
403 1035 601 1090 ascensionem
625 1037 731 1108 pariter
756 1039 936 1102 confitentes,
960 1040 1005 1094 in-

203 1124 356 1179 cruentam
371 1124 551 1190 celebramus
565 1104 734 1180 inEcclesiis
748 1127 878 1182 sacrificii
891 1129 1007 1183 servitu-

202 1215 275 1268 tem.
290 1211 335 1268 Sic
350 1211 489 1268 etiamad
506 1213 639 1284 mysticas
660 1213 875 1272 benedictiones
897 1217 1007 1272 accedi-

204 1317 279 1368 mus,
295 1304 324 1355 et
346 1300 558 1356 sanctificamur
573 1302 726 1373 participes
740 1304 813 1359 sacri
838 1307 965 1376 corporis
980 1309 1009 1360 et

205 1389 354 1462 sanguinis
365 1389 482 1461 pretiosi
499 1389 613 1458 Christi,
629 1392 762 1448 omnium
784 1397 950 1449 nostrorum
964 1411 1009 1448 re·

205 1477 383 1549 demptionis
392 1477 483 1532 ellecti
494 1494 500 1532 :
513 1494 571 1533 non
584 1495 771 1536 communem
781 1497 899 1536 carnem
918 1483 1009 1554 perci-

204 1567 318 1638 pientes
327 1565 415 1638 (qnod
424 1566 496 1622 absit
507 1565 525 1639 l)
540 1584 594 1647 nec
604 1572 633 1623 ut
643 1569 695 1623 viri
707 1570 910 1625 sanctiticatiet
918 1572 1009 1626 Verbo

211 1655 360 1727 conjuncti
375 1655 534 1710 secundum
548 1657 697 1728 dignitatis
708 1658 859 1726 unitatem,
875 1663 924 1714 aut
939 1659 1011 1714 sicut

1057 1039 1192 1092 naturam
1205 1034 1299 1089 caruis
1309 1050 1366 1088 suae
1375 1035 1409 1088 ad
1423 1038 1556 1090 naturam
1565 1038 1733 1094 aeternitatis
1746 1040 1798 1094 sub
1812 1056 1861 1095 sa·

1058 1126 1207 1180 eramento
1218 1122 1302 1178 nobis
1314 1123 1563 1180 communicandos
1576 1126 1669 1180 carnis
1684 1127 1861 1185 admiscuit?

1057 1215 1099 1268 lta
1117 1213 1195 1274 euim
1210 1212 1240 1266 in
1255 1212 1314 1266 Deo
1330 1228 1431 1266 omnes
1447 1229 1546 1268 sumus
1561 1231 1569 1269 t
1583 1214 1731 1286 quinctio
1747 1216 1859 1272 Christo

1059 1304 1144 1356 Pater
1157 1303 1209 1366 est,
1225 1303 1253 1354 et
1268 1299 1395 1355 Christus
1420 1299 1450 1355 in
1474 1301 1556 1356 nobis
1572 1305 1624 1356 est.
1643 1302 1775 1376 Quisquis
1790 1321 1860 1376 ergo

1060 1389 1230 1446 naturaliter
1241 1390 1354 1444 Patrem
1373 1389 1402 1444 in
1421 1389 1667 1463 Christouegabit,
1681 1394 1862 1465 negetprius,

1060 1496 1120 1534 uon
1135 1478 1306 1533 nattualiter
1317 1479 1360 1532 vel
1376 1495 1405 1532 se
1420 1478 1449 1532 in
1464 1478 1638 1548 Christo,vel
1650 1480 1701 1535 sihi
1717 1480 1862 1538 Christum

1061 1585 1120 1623 uon
1136 1583 1214 1634 esse;
1232 1566 1300 1637 quia
1311 1565 1340 1620 in
1354 1566 1465 1622 Christo
1482 1569 1576 1635 Pater,
1586 1570 1615 1623 et
1625 1569 1751 1624 Christus
1764 1569 1794 1624 in
1808 1586 1862 1625 no·

1060 1656 1208 1724 bis‚unum
1217 1655 1246 1709 iu
1258 1655 1302 1710 his
1313 1672 1373 1710 esse
1384 1671 1436 1710 nos
1447 1655 1565 1710 iaciunt.
1582 1656 1610 1711 Si
1627 1673 1692 1724 ¹sere
1702 1657 1789 1730 igitur
1803 1675 1866 1714 ean

208 1743 333 1800 divinam
347 1744 519 1816 possidentis
531 1745 756 1815 habitationem;
772 1749 822 1803 scd
844 1765 911 1803 vere
924 1749 1011 1802 vivifi-
1025 1742 1130 1801 Bnem
1146 1744 1274 1814 corporis
1290 1742 1380 1797 nostri
1413 1743 1539 1798 Christus
1566 1745 1729 1816 assumpsit,
1753 1750 1782 1801 et
1796 1763 1865 1802 vere

208 1833 356 1900 ratricem,
372 1835 401 1887 et
425 1833 512 1905 ipsius
532 1834 617 1888 Verbi
643 1837 792 1907 propriam
816 1837 933 1892 iactam.
947 1837 1011 1892 Vita

209 1923 287 1978 enim
303 1923 473 1978 naturaliter
494 1926 526 1977 ut
545 1923 620 1978 Deus
647 1923 780 1992 existens,
798 1925 865 1996 qnia
886 1927 1010 1998 proprise

208 2011 288 2066 carni
302 2010 455 2081 adjunctus
476 2013 528 2079 est,
545 2011 758 2068 vivificatricem
778 2031 843 2068 eam
867 2031 927 2069 esse
942 2031 1009 2086 pro-

208 2099 357 2156 fessusest.
369 2099 487 2162 Etideo,
498 2100 627 2169 quamvis
639 2101 715 2156 dicat
734 2101 770 2156 ad
784 2119 836 2158 nos
850 2120 856 2156 :
876 2126 889 2152 «
905 2105 1009 2169 Amen,

209 2212 224 2240 α
238 2205 324 2243 amen
335 2188 495 2255 dicovobis,
508 2189 561 2243 uisi
570 2189 810 2245 manducaveritis
824 2207 941 2245 carnem
948 2192 1011 2247 Filii

211 2298 225 2328 a
235 2275 545 2344 hominis,etbiberitis
556 2276 617 2346 ejus
630 2278 830 2348 sanguiuemp»
842 2296 901 2335 non
913 2282 1011 2336 tamen

210 2379 275 2420 eam
287 2367 318 2419 ut
330 2363 457 2419 hominis
471 2364 594 2418 uniusex
610 2365 694 2420 nohis
713 2367 857 2422 aestiruare
873 2367 1013 2423 dehemus

209 2451 454 2525 (quomodojuxta
464 2455 598 2506 naturam
609 2470 689 2508 suam
699 2453 865 2512 vivificatrix
877 2473 937 2512 esse
947 2475 1012 2512 cero

211 2540 337 2597 hominis
345 2540 489 2611 potenti),
501 2541 549 2596 sed
558 2546 588 2597 ul
598 2558 664 2597 vere
675 2544 821 2615 propriam
830 2545 854 2616 ej
860 2563 890 2599 us
896 2546 1013 2614 lectam,

211 2628 260 2701 qui
271 2630 389 2700 propter
403 2645 456 2684 nos
470 2629 557 2684 Filius
572 2630 700 2686 hominis
713 2636 755 2686 est
769 2633 870 2701 luctus,
885 2635 913 2688 et
932 2651 1014 2689 voca-

211 2722 267 2773 tus.
286 2741 299 2767 u
314 2719 416 2789 ltagna
432 2717 588 2774 auctoritas
604 2719 751 2789 tantiviri,
773 2739 829 2794 qua
850 2725 879 2777 el
897 2739 1015 2778 caruem

1059 1831 1865 1906 homoillc,quiexldariauatusluit,Ch1·istusmimasque

1060 1939 1125 1978 sere
1138 1922 1189 1977 suh
1212 1922 1348 1994 mysterio
1370 1938 1489 1976 carnem
1511 1920 1637 1993 corporis
1655 1922 1698 1977 sui
1713 1921 1864 1988 sumimus,

1062 2015 1090 2065 et
1104 2027 1155 2082 per
1173 2011 1227 2065 hoc
1241 2026 1331 2064 unum
1343 2009 1450 2066 erimus
1463 2010 1540 2080 (quia
1560 2010 1691 2065 Peterin
1710 2027 1744 2066 eo
1767 2015 1820 2079 est,
1836 2013 1867 2066 et

1061 2099 1108 2154 illc
1122 2099 1151 2153 in
1167 2099 1272 2169 nobis),
1287 2097 1434 2170 quomodo
1447 2097 1601 2154 voluntatis
1614 2098 1865 2166 unitasasseritru,

1052 2205 1127 2260 ,curn
1135 2188 1272 2243 naturalis
1282 2204 1334 2259 per
1344 2191 1555 2242 sacramentnm
1564 2187 1867 2260 proprielesperlectre

1062 2279 1276 2332 sacramentum
1284 2277 1319 2331 sit
1330 2275 1465 2332 unitatis?
1475 2277 1620 2348 lpscenim
1632 2276 1671 2330 ait
1682 2293 1709 2330 :u
1722 2277 1794 2332 Caro
1801 2293 1867 2332 inea

1064 2389 1078 2416 «
1093 2382 1159 2420 vere
1175 2367 1303 2432 estesse,
1321 2367 1349 2418 et
1364 2365 1480 2436 sanguis
1494 2382 1576 2420 meus
1588 2381 1654 2420 vere
1665 2367 1707 2419 est
1717 2364 1868 2436 potusQui

1065 2477 1079 2505 a
1094 2453 1154 2510 odit
1164 2470 1282 2508 carnem
1295 2469 1391 2508 meam
1407 2457 1436 2508 et
1449 2453 1522 2508 bibit
1535 2453 1706 2525 sanguinem
1718 2468 1827 2521 meum,
1837 2454 1868 2509 in

1066 2566 1080 2592 κ
1097 2559 1143 2598 me
1155 2546 1255 2597 manet
1266 2545 1355 2612 elego
1369 2541 1397 2596 iu
1412 2558 1456 2597 eo.
1467 2562 1481 2591 »
1492 2543 1532 2596 De
1544 2541 1762 2596 veritatecarnis
1771 2545 1871 2597 elsan·

1068 2631 1228 2703 guinisnon
1240 2630 1675 2701 estrelictusambigendilocus.
1692 2629 1869 2699 Nuncenim,

1068 2722 1096 2776 ct
1112 2719 1290 2792 professione
1313 2718 1399 2790 ipsius
1418 2718 1534 2774 Domini
1558 2721 1587 2774 et
1601 2718 1658 2774 lide
1680 2721 1788 2787 nostra,
1803 2735 1871 2775 vere

213 2805 317 2862 Christi
324 2823 390 2862 vere
402 2805 616 2862 vivificatricem
629 2825 688 2862 esse
699 2809 780 2877 dixit,
792 2813 821 2864 et
834 2809 921 2882 ipsius
930 2811 1016 2866 Verbi
1068 2824 1134 2863 caro
1148 2810 1191 2862 est
1207 2811 1236 2862 et
1246 2824 1311 2862 vere
1325 2807 1442 2879 sanguis
1458 2810 1501 2862 est
1516 2825 1523 2876 ;
1535 2809 1563 2862 et
1577 2809 1638 2862 haec
1649 2812 1766 2879 accepta
1784 2811 1871 2880 atque

213 2897 363 2970 propriam
375 2897 493 2964 tactam,
512 2900 541 2951 et
563 2897 650 2952 vitem
668 2901 702 2953 ut
727 2901 818 2956 [lcum
848 2901 1018 2956 naturaliter
1068 2896 1210 2952 haustaid
1222 2895 1360 2962 efficiunt,
1378 2899 1409 2950 ut
1426 2896 1650 2964 nosinChristo,
1663 2900 1692 2951 et
1701 2896 1829 2952 Christus
1841 2896 1872 2952 in

213 2985 395 3041 existentem.
408 2985 497 3056 liujus
509 2983 606 3057 itaque
624 2987 696 3042 tanti
711 2987 946 3044 viriseeloriute
961 2990 1017 3044 sol·
1036 2985 1207 3082 Cnoliissit.
1217 2987 1299 3040 Anne
1309 2984 1472 3039 hocveritas
1484 3001 1542 3039 non
1554 2987 1596 3039 cst
1606 2984 1775 3057 lenutingat
1788 2986 1873 3056 plane

214 3075 290 3129 uitur
302 3074 472 3146 ambiguum
489 3091 576 3130 omne
590 3076 668 3147 quod
681 3077 781 3132 beatus
795 3078 962 3133 Ambrosius
978 3079 1020 3132 di·
1070 3073 1113 3128 his
1122 3090 1221 3128 verum
1234 3091 1291 3128 nou
1303 3073 1430 3144 esse,qui
1441 3073 1587 3128 Christum
1597 3075 1692 3129 iesum
1702 3089 1801 3128 verum
1812 3089 1873 3128 esse

216 3163 294 3217 misit
308 3162 337 3218 in
354 3163 567 3230 subauditione,
595 3165 754 3218 naturaliter
771 3165 876 3221 scilicet
902 3184 1019 3221 caruem
1069 3165 1162 3218 Deum
1179 3163 1335 3234 denegant.
1344 3163 1392 3216 Est
1400 3178 1468 3234 ergo
1480 3162 1510 3217 in
1521 3163 1675 3233 nobisipsc
1686 3161 1872 3235 peromnem,

216 3249 331 3317 Christi,
346 3267 410 3322 qum
421 3251 544 3305 sumitur
558 3251 593 3306 de
604 3252 698 3318 altori,
719 3253 853 3307 eamdem
865 3254 938 3322 lore,
956 3271 1020 3326 quac
1070 3255 1099 3306 et
1113 3267 1211 3305 sumus
1222 3251 1252 3307 in
1268 3267 1311 3318 en,
1327 3251 1396 3306 dum
1410 3267 1506 3306 secum
1521 3252 1586 3319 hoc,
1602 3252 1680 3324 quod
1693 3268 1745 3307 nos
1763 3268 1873 3318 sumus,

216 3339 286 3392 nata
301 3341 344 3392 cst
369 3338 404 3394 de
431 3337 570 3410 Virginis.
587 3339 620 3394 Et
637 3339 754 3408 idcirco,
779 3341 837 3396 sive
862 3343 1021 3397 seeundum
1072 3340 1101 3394 in
1118 3342 1173 3396 lleo
1190 3342 1242 3394 est.
1261 3361 1275 3388 u
1293 3341 1364 3394 ltem
1386 3343 1451 3410 post
1471 3355 1581 3410 pauca:
1600 3361 1613 3390 :r
1635 3340 1699 3395 llaec
1725 3355 1793 3412 ergo
1807 3340 1874 3395 vitas

219 3424 425 3496 llierouymum
438 3426 1022 3502 dupliciter,sivesecundumaugustinum

220 3513 332 3569 dicatur
345 3531 448 3586 corpus
466 3515 568 3570 Christi
584 3518 744 3588 tripliciter,
753 3519 902 3589 specialiter
921 3522 1024 3577 debeat

220 3601 285 3668 dici,
296 3619 361 3657 cunr
370 3603 406 3658 sit
415 3605 575 3658 naturaliter
583 3622 682 3663 urium.
699 3608 779 3663 Unde
790 3611 819 3664 et
827 3610 1002 3681 Augustinus
1015 3626 1022 3665 :

221 3713 234 3741 «
253 3691 289 3746 Ut
299 3708 334 3746 ex
346 3691 418 3763 ipsc,
448 3693 551 3764 inquit,
579 3699 608 3750 et
622 3695 658 3749 ab
674 3695 736 3767 ipso
757 3715 820 3765 tros,
834 3715 937 3770 corpus
953 3700 1023 3771 ejus,

220 3795 339 3836 carnem
355 3780 452 3854 ipsius,
469 3783 517 3837 illo
534 3787 672 3839 manento
688 3785 815 3856 integro,
834 3805 991 3844 sumamus.
1010 3810 1024 3838 s

1073 3433 1178 3484 nostrie
1194 3443 1279 3482 causa
1294 3431 1346 3494 est,
1357 3428 1433 3498 quod
1443 3427 1471 3481 in
1485 3428 1568 3483 nobis
1582 3429 1743 3483 carnalibus
1754 3444 1877 3502 percer-

1073 3535 1140 3573 ncrn
1156 3517 1299 3573 Christum
1315 3519 1484 3572 manentem
1500 3517 1650 3585 habemns,
1663 3517 1777 3573 victuris
1792 3516 1877 3572 uobis

1073 3623 1126 3677 pcr
1136 3623 1202 3661 enm
1212 3605 1418 3660 reconditione
1429 3605 1556 3677 quavivit
1568 3605 1617 3660 ille
1634 3621 1687 3677 per
1701 3607 1828 3662 Patrem.
1846 3605 1877 3662 Si

1074 3711 1127 3749 uus
1140 3711 1209 3766 ergo
1226 3695 1396 3749 naturaliter
1412 3694 1570 3748 seciurdurn
1594 3711 1712 3750 caruem
1736 3712 1786 3767 per
1808 3711 1877 3750 eum

1074 3784 1205 3850 vivimus,
1217 3784 1245 3838 id
1262 3786 1314 3850 est,
1330 3785 1465 3838 naturam
1484 3783 1579 3838 caruis
1593 3799 1650 3839 sure
1661 3801 1759 3839 sumus
1768 3783 1877 3854 adepti,

221 3869 314 3934 Quam
329 3870 404 3925 bene
420 3869 495 3926 lacta
510 3871 654 3927 distinctio
666 3871 671 3926 l
685 3873 763 3944 quod
776 3874 815 3930 ita
830 3877 1022 3931 construitur:
1076 3873 1222 3944 quomodo
1239 3889 1297 3927 nou
1310 3871 1480 3927 naturaliter
1490 3872 1648 3926 secundum
1661 3871 1794 3944 spiritum
1806 3871 1835 3926 in
1847 3887 1879 3926 so

225 3959 261 4015 Ut
272 3977 328 4027 nos,
338 3959 441 4032 iuquit,
451 3959 500 4032 qui
513 3977 611 4015 sumus
626 3978 729 4034 corpus
744 3963 856 4031 Christi,
877 3964 905 4019 id
921 3969 963 4019 cst
978 3967 1026 4021 Ec·
1075 3963 1190 4016 Patrem
1206 3961 1321 4027 lrabeat,
1342 3977 1407 4016 cum
1419 3960 1493 4014 vivat
1507 3959 1567 4032 ipse
1582 3977 1633 4033 per
1648 3963 1763 4016 Patrem
1779 3961 1793 4015 ‘l
1810 3981 1823 4010 s

222 4048 318 4115 clesia,
340 4049 373 4102 nir
398 4050 462 4120 piso,
487 4049 536 4121 qui
553 4053 692 4105 natusest
718 4051 753 4106 de
767 4051 876 4124 virgine
890 4053 977 4108 llaria
995 4072 1026 4108 err
1110 4051 1166 4104 Vll.
1180 4049 1394 4104 llicvideudum
1415 4049 1561 4122 quomodo
1577 4066 1629 4121 peu
1643 4049 1671 4104 id
1691 4049 1779 4105 etiam
1800 4051 1881 4122 quod

224 4140 278 4208 ipso
290 4156 297 4203 ;
308 4137 337 4192 id
346 4141 525 4204 est‚carnem
536 4138 608 4209 ejus,
619 4143 875 4210 quaeconsecratur
890 4144 918 4197 in
932 4144 1025 4211 attari,
1075 4139 1218 4194 haereticis
1231 4143 1293 4194 erat
1306 4138 1510 4205 indubitatum,
1532 4138 1653 4192 voluerit
1666 4154 1785 4209 arguere
1801 4138 1881 4210 quod

225 4225 269 4279 ilio
284 4231 407 4280 moricicla
419 4229 531 4296 interro,
545 4245 691 4283 summano.
709 4231 849 4285 Utautcm
864 4232 1026 4286 certiusde·
1077 4231 1139 4283 erat
1154 4228 1283 4283 dubium.
1293 4228 1483 4282 Dubitabatur
1494 4228 1529 4282 ab
1543 4225 1584 4281 eis*
1601 4227 1636 4281 de
1646 4227 1731 4281 unica
1743 4225 1836 4282 Patris
1852 4230 1883 4283 et

226 4317 402 4368 monstraret
429 4315 507 4370 idem
530 4315 630 4371 beatus
644 4317 764 4388 Cyrillus
787 4320 861 4374 harro
886 4321 1026 4393 triplicem
1039 4288 1064 4346 D
1077 4317 1097 4370 l'
1101 4317 1139 4370 ilii
1151 4316 1321 4383 substaulim
1334 4315 1401 4387 quia
1411 4315 1487 4388 quod
1497 4315 1605 4370 dictum
1616 4317 1673 4370 est:
1684 4337 1697 4365 n
1714 4317 1812 4384 Egoet
1828 4317 1882 4371 Pa·

227 4401 382 4456 secundum
399 4403 589 4474 augustinum
605 4405 1029 4480 discretionem,specialiterdi-

227 4493 313 4558 ctam,
329 4492 499 4547 naturaliter
514 4510 575 4547 csse
595 4510 681 4549 uuam
696 4510 702 4548 :
716 4517 729 4544 «
745 4495 927 4568 Numiuquit,
937 4498 1029 4552 utviri

228 4578 395 4635 sanctificati
411 4584 439 4635 ct
451 4581 541 4636 Verbo
551 4582 694 4652 conjuncti
709 4584 866 4638 secuudum
882 4585 1031 4656 dignitatis

229 4668 381 4736 uilitatem,
392 4672 442 4724 aut
455 4669 526 4725 sicut
539 4670 666 4725 divinam
689 4672 862 4744 possidentis
877 4673 1030 4730 habitatio·

229 4758 454 4826 uem3sedve1e
469 4759 692 4828 vivificatricem,
708 4764 737 4816 ct
757 4760 844 4833 ipsius
863 4763 947 4818 Verbi
965 4781 1030 4837 pro·

228 4845 323 4918 priam
338 4847 456 4903 lectam.
474 4869 488 4897 »
503 4849 602 4904 Ariani
617 4849 706 4918 onim,
723 4851 772 4922 qui
785 4851 930 4920 negabant
942 4870 1031 4908 uuam

202 4937 206 4944 '
229 4935 321 4990 Patris
335 4939 364 4992 et
376 4936 438 4992 Filii
450 4938 653 5005 substantiam,
670 4939 750 5007 illud,
773 4941 850 5012 quod
871 4941 930 5011 ipse
946 4943 1031 4998 Filius

230 5023 299 5080 dicit
314 5040 320 5080 :
335 5023 395 5094 Epo
406 5033 430 5081 et
440 5027 524 5082 Pater
538 5045 621 5082 nutem
633 5045 725 5084 sitinus
740 5030 830 5098 (doun.
845 5047 871 5096 x,
885 5031 938 5101 ab),
955 5049 1030 5086 osse·

229 5113 344 5182 celiani,
370 5114 592 5186 intelligendum
618 5133 652 5171 cx
681 5119 835 5173 concordia
859 5119 1029 5187 voluntatis;

230 5218 302 5273 qum
316 5203 496 5258 rnarrilcstius
509 5207 640 5260 conlutat
652 5207 782 5274 llilurius,
804 5223 869 5261 vere
886 5207 1031 5262 llomauo-

229 5307 294 5345 rum
311 5292 422 5348 Lucifer
439 5311 445 5348 :
463 5295 539 5366 qirod
568 5295 603 5349 ud
630 5293 860 5364 intelligendum,
885 5297 962 5368 quud
978 5297 1030 5369 Cy-

229 5381 309 5436 rillus
324 5380 443 5448 dixerat,
461 5385 534 5437 valet
551 5383 757 5454 multipliciter.

265 5470 309 5524 Vl.
326 5469 445 5524 llilauius
461 5471 529 5537 (viil,
552 5471 593 5524 Dc
619 5472 728 5533 Trinit.)
746 5489 751 5524 :
771 5494 783 5518 u
813 5473 875 5535 lios,
895 5495 907 5520 o
928 5457 1039 5542 inqiut,

232 5579 245 5609 α
259 5575 346 5626 ricius,
357 5559 405 5632 qui
423 5558 499 5615 iuter
510 5561 625 5616 Patrem
639 5561 782 5615 etlilium
799 5562 974 5616 voluntatum
988 5561 1030 5616 iu-

1079 4408 1124 4460 tcr·
1140 4421 1230 4459 uuum
1246 4421 1342 4458 sumus
1361 4404 1451 4472 (Joon.
1469 4421 1495 4471 x,
1515 4403 1569 4474 30),
1592 4425 1606 4452 u
1626 4404 1821 4460 moliebantur
1844 4405 1884 4460 ad

1080 4493 1278 4548 unanimitatis
1292 4493 1402 4548 rclerre
1418 4508 1602 4558 consensum,
1624 4495 1655 4547 ut
1673 4492 1767 4546 unitas
1787 4493 1884 4548 solum

1081 4585 1154 4636 essct
1168 4582 1331 4648 velocitatis,
1350 4599 1409 4636 nou
1423 4585 1546 4648 naturam
1563 4581 1634 4636 sicul
1652 4605 1665 4630 a
1690 4581 1885 4637 multitudiuis

1081 4669 1260 4725 credentium
1275 4673 1337 4725 crat
1350 4687 1399 4725 cor
1415 4687 1504 4724 uuum
1518 4675 1547 4724 et
1566 4670 1664 4725 anima
1677 4687 1735 4724 une
1750 4669 1825 4742 (Art.
1845 4687 1883 4739 rs,

1081 4758 1353 4824 tilnlndulrilatum
1365 4759 1585 4830 serueralquod
1601 4759 1795 4813 vereVerhum
1815 4775 1884 4814 caro

1081 4844 1887 4918 facturusuerat.lliliilomiuus,quiaDcusuaturamcar·

1081 4935 1885 5007 uisnostrminseparabilomsilrihomonatusassumpsit,

1080 5030 1109 5080 et
1123 5028 1256 5079 ruituram
1277 5024 1370 5078 carnis
1381 5041 1438 5078 suen
1454 5024 1490 5078 ad
1503 5027 1638 5078 naturam
1654 5023 1886 5079 aeternitatissub

1081 5119 1261 5170 sacramento
1275 5115 1328 5168 hoe
1338 5113 1420 5169 nohis
1429 5111 1778 5168 coimnuuicandaeceruis
1789 5113 1885 5168 adrui·

1081 5205 1163 5272 scuit,
1173 5221 1205 5258 ac
1217 5221 1268 5274 per
1284 5205 1337 5258 buc
1353 5221 1406 5257 uos
1416 5203 1444 5257 in
1462 5202 1572 5257 Christo
1585 5219 1674 5256 uuum
1685 5204 1886 5274 corpusellici-

1081 5310 1161 5360 ruur;
1180 5298 1208 5349 et
1223 5294 1286 5348 idco
1304 5311 1355 5365 per
1371 5293 1424 5347 hoc
1440 5307 1544 5346 omues
1559 5292 1587 5346 iu
1602 5293 1659 5346 llcu
1673 5291 1757 5346 l‘atre
1772 5295 1801 5344 et
1817 5293 1887 5348 Vilio

1083 5401 1170 5436 isurun
1188 5397 1299 5448 sisinum
1316 5381 1382 5452 quia
1398 5380 1518 5435 Peterin
1536 5379 1658 5444 curius,
1675 5382 1704 5433 et
1719 5379 1888 5436 Christusin

1084 5471 1165 5525 uobis
1181 5489 1242 5524 osse
1257 5467 1887 5540 prolnrlur,rideamusdistiuclioueur,(ll1ri-

1081 5566 1141 5616 slus·
1151 5565 1284 5616 naturum
1296 5559 1502 5614 nostroscuunis
1513 5556 1676 5628 assumpsit,
1693 5573 1757 5611 curu
1772 5558 1808 5611 ilo
1824 5558 1888 5614 Viu-
