4006 6178
160 425 200 482 nn
512 419 557 476 uu
571 419 684 478 CAUSA
699 417 866 480 nwunsn.
880 417 1009 478 tanen
1026 419 1061 476 ΙΝ
1072 417 1224 478 rainone
1238 417 1410 488 AEQUILAT.
1741 419 1792 478 ldt

159 543 220 600 latus
228 537 560 614 ltpednmpethetustss,
573 541 731 598 secundum
746 539 930 598 collationem
942 545 970 604 A
980 539 1165 596 munitorum
1172 542 1426 614 quantamcunque
1437 535 1689 615 partemtrignnns
1698 539 1790 595 attin·

157 630 240 688 lateris
249 632 276 687 et
288 627 391 687 catheti
404 646 472 686 area
482 631 631 688 390.llunc
640 630 774 688 eumdem
783 629 932 702 trigonum
981 632 1041 702 gat,
1053 629 1272 686 arithmeticalis
1283 631 1384 704 regula
1395 647 1443 687 eos
1462 645 1515 703 pro
1531 627 1651 702 integris
1664 644 1787 702 compu-

156 719 174 776 si
189 720 283 792 absque
294 719 406 776 ratione
422 719 527 775 catheti
545 720 704 775 secundum
719 717 931 774 arithmeticam
981 718 1511 792 tatllepingerelihet,utmenifestius
1521 717 1567 788 sit,
1582 715 1659 791 qued
1670 716 1784 772 dicitnr.

155 809 267 880 regulam
274 808 410 885 metiaris,
419 808 459 864 sie.
468 813 498 864 nt
507 808 580 863 latus
593 805 933 879 nnuminscmnltiplicc·

154 899 192 950 tur
200 896 274 968 cique
280 896 510 968 multiplicationi
524 896 621 952 lateris
636 895 720 951 unius
734 911 871 951 numerus
881 893 932 950 ad·

150 985 259 1055 jiciatnr,
275 987 303 1038 et
325 1000 358 1039 ex
375 984 429 1039 hac
446 1000 559 1039 summa
572 984 711 1039 medietas
725 986 865 1050 sumatur,
878 982 934 1037 erit

153 1087 209 1126 area
219 1074 275 1128 462.
286 1071 409 1128 Videsne
422 1071 546 1145 qualiter
558 1073 603 1127 ha
623 1072 687 1128 dure
707 1071 813 1144 regulae
822 1070 932 1126 dissen-

152 1159 387 1217 tianttSedetilln
409 1159 629 1234 geometricalis,
646 1177 709 1234 qnoe
722 1176 774 1233 per
789 1159 933 1216 rationem

152 1249 243 1303 catheti
256 1249 390 1304 areamin
406 1252 457 1306 390
472 1250 560 1320 pedes
569 1248 934 1317 metiebatur,suhtiliusest

151 1334 353 1404 amedisenssa‚
365 1340 394 1391 et
405 1337 519 1392 catheto
530 1353 580 1392 suo
595 1354 655 1393 non
670 1337 723 1392 nisi
745 1341 779 1393 25
795 1337 933 1407 septimas

151 1421 364 1492 uniuseoncedo,
379 1427 409 1480 et
425 1441 500 1480 areae
509 1427 560 1480 385
570 1425 733 1498 etqninqne
740 1423 886 1498 septimas.
899 1423 934 1480 Et

152 1509 180 1565 sit
193 1510 237 1567 tihi
248 1513 350 1584 regula
360 1512 526 1570 universalis
546 1513 575 1568 in
589 1513 669 1568 omni
684 1512 798 1586 trigono
814 1511 932 1584 aequila-

151 1604 200 1656 lern
210 1602 352 1658 cathetum
365 1603 546 1671 inveniendi;
562 1619 615 1674 per
633 1604 707 1658 latus
719 1617 834 1673 semper
845 1600 932 1673 septi·

151 1703 214 1742 mam
230 1688 324 1756 deme,
338 1693 367 1744 et
376 1687 554 1763 sexrelitpnas
564 1693 660 1762 partes
671 1691 785 1745 catheto
795 1689 930 1744 concede.

176 1777 329 1850 Etutquod
344 1778 458 1847 dicitur,
470 1779 572 1834 melius
587 1778 740 1851 intelligas,
766 1777 796 1833 in
811 1777 931 1833 minori-

148 1863 190 1920 bus
201 1866 327 1921 numeris
337 1867 407 1922 libet
419 1867 639 1940 exemplificare.
663 1868 703 1922 llo
717 1867 770 1922 tihi
783 1863 967 1938 trigennt

150 1953 172 2008 iu
184 1955 294 2012 laterai
313 1955 432 2024 pedum,
446 1956 658 2028 longitudinem
674 1957 808 2030 pedalem
822 1957 934 2012 hahen-

149 2045 205 2096 tem.
220 2044 298 2098 llunc
312 2061 365 2117 per
373 2045 608 2116 geometricalem
622 2045 753 2115 regulam
764 2045 803 2099 sic
818 2045 932 2100 metior.
1019 2047 1089 2100 Ecce
1108 2045 1137 2100 in
1159 2045 1214 2098 hac
1230 2038 1466 2110 discriptiuncula
1481 2040 1514 2093 28
1535 2037 1634 2110 pedes,
1659 2041 1789 2112 quamvis

147 2131 212 2186 lelle
224 2132 380 2205 septimam
400 2133 482 2188 lateri
510 2136 539 2187 et
564 2133 723 2199 senarium,
744 2132 793 2205 qni
808 2133 935 2206 reliquus
983 2152 1043 2191 non
1054 2133 1161 2207 integri
1176 2131 1329 2187 hahentur.
1356 2129 1436 2184 Unde
1453 2127 1674 2184 arithmeticalis
1688 2131 1790 2203 regula

148 2223 189 2286 est,
201 2219 234 2274 do
249 2220 468 2293 perpendiculo.
482 2222 536 2276 Per
549 2221 603 2274 hoc
619 2221 692 2276 latus
706 2219 790 2288 duco,
809 2224 838 2276 et
853 2221 933 2277 dice:
983 2240 1036 2296 pre
1052 2227 1112 2278 toto
1127 2224 1242 2296 partem
1255 2218 1397 2292 accipiens
1419 2234 1485 2273 cum
1506 2217 1632 2288 integris
1654 2215 1791 2272 dimidia-

146 2307 222 2360 series
232 2311 356 2378 septem,
369 2307 418 2379 qui
433 2307 613 2364 reddunttt.
630 2308 669 2362 Ex
683 2307 729 2362 his
750 2307 890 2364 medietas
900 2312 930 2364 'll
984 2316 1028 2366 tos
1040 2311 1153 2384 recipit.
1167 2308 1290 2366 Solertia
1304 2311 1402 2363 antem
1418 2303 1606 2377 geometricas
1632 2303 1791 2376 disciplinae

146 2395 332 2451 arenestdicti
345 2395 462 2468 trigoni.
983 2399 1147 2471 particulas,
1167 2400 1260 2454 latera
1285 2396 1455 2452 excedentes
1464 2394 1613 2467 abjiciens,
1635 2394 1789 2450 recisuras-

174 2483 244 2538 llnne
258 2483 397 2539 eumdem
412 2484 559 2556 trigonum
573 2484 595 2539 si
612 2500 664 2557 per
674 2484 885 2540 arithmeticam
894 2501 935 2541 re·
986 2505 1041 2561 que
1067 2488 1232 2544 dimidiatas
1252 2487 1328 2543 intra
1347 2488 1439 2542 latera
1464 2486 1651 2541 remanentes
1671 2500 1790 2558 compo·

145 2572 228 2640 gulam
242 2571 384 2640 metiaris,
399 2574 428 2627 et
444 2571 520 2628 dicas
542 2571 667 2645 :septies
685 2577 808 2644 septem,
823 2577 854 2628 ut
864 2573 936 2629 ssent
987 2593 1069 2644 nens,
1084 2575 1162 2649 qued
1174 2576 1258 2632 lineis
1273 2575 1483 2643 clauditur,hoc
1499 2577 1615 2630 tantum
1629 2576 1788 2647 computat.

144 2663 180 2724 lt,
195 2661 323 2732 latusque
339 2659 457 2732 adjicias
468 2665 498 2716 ut
512 2661 570 2716 sint
592 2665 635 2728 56,
659 2661 836 2734 dividasque,
853 2663 884 2716 nt
899 2663 935 2719 ad
986 2665 1057 2720 Nem
1072 2665 1101 2721 in
1112 2665 1166 2720 hnc
1179 2664 1432 2738 descriptiuncula,
1445 2679 1503 2736 qua
1511 2661 1690 2736 septenarius
1699 2663 1795 2734 pertn-

144 2763 229 2803 aream
245 2748 408 2822 pervenias,
422 2753 456 2806 28
481 2749 618 2805 invenies.
635 2751 705 2805 Ecce
718 2749 757 2804 sic
772 2749 801 2805 in
817 2750 934 2822 trigono
986 2756 1048 2809 tera
1071 2754 1199 2821 metitur,
1215 2753 1238 2808 si
1264 2753 1504 2825 perpendicnlum
1520 2767 1643 2824 quaeras,
1665 2749 1795 2807 senarius

144 2835 215 2892 nnius
225 2837 437 2910 magnitudinis
452 2837 569 2894 diversae
583 2839 649 2893 sunt
665 2854 751 2906 areae,
776 2839 855 2910 qued
871 2837 935 2896 tleri
984 2842 1125 2899 estllnnc
1135 2847 1210 2914 pert
1221 2842 1329 2898 ducens
1346 2841 1428 2914 qnasi
1444 2839 1620 2914 quadratum
1630 2839 1794 2913 impleren-

144 2927 243 2998 neqnit.
982 2931 1075 3007 jussit
1087 2932 1167 2987 frons
1182 2937 1198 2986 6
1212 2930 1333 3003 pedum,
1355 2932 1429 2985 latus
1455 2935 1470 2986 7
1493 2929 1613 3000 pedum,
1636 2930 1666 2983 et
1691 2943 1791 2983 aream

172 3015 265 3070 Sedue
276 3013 386 3070 diutius
401 3014 532 3086 moreris,
547 3032 663 3072 caluam
684 3015 855 3072 diversitatis
870 3033 936 3090 ape·
985 3019 1046 3090 ejus
1061 3017 1102 3074 sic
1112 3018 1142 3073 in
1158 3021 1193 3076 ts
1205 3017 1365 3074 constituis.
1382 3018 1440 3073 Hoc
1452 3015 1475 3072 si
1489 3014 1685 3071 dimidiaveris
1701 3014 1793 3087 trign-

143 3102 216 3158 n'am.
231 3104 340 3160 Notum
360 3104 411 3160 tihi
426 3120 487 3160 essa
504 3107 590 3160 credo
605 3105 654 3178 qni
675 3103 762 3179 pedes
778 3105 868 3178 longi,
884 3105 968 3192 quic
984 3123 1065 3175 num,
1077 3106 1107 3162 in
1121 3109 1151 3162 ul
1172 3105 1406 3180 pederelinquis.

143 3190 274 3262 quadrati,
291 3193 587 3264 quierassidicantur,
601 3193 866 3267 qnodqueadareas
877 3211 937 3250 me·
1022 3197 1058 3252 Ut
1072 3194 1194 3250 lucidius
1216 3194 1375 3268 intelligas,
1404 3195 1502 3250 oculos
1527 3206 1653 3268 appone,
1683 3193 1710 3248 et
1735 3191 1794 3248 mei

143 3279 244 3336 tiendus
251 3281 375 3338 nonnisi
391 3285 551 3340 constratos
561 3282 934 3356 quadretnsreciperesole-
985 3299 1101 3356 semper
1116 3286 1281 3340 memento.
