3862 6170
213 363 268 422 bbt
766 353 1068 420 atuolnruouncffl
1076 353 1326 421 monacensis
1788 375 1831 436 tet

216 485 611 564 rumatqoedhildeherlum,
624 502 738 545 necnon
752 483 920 555 clotarium,
934 485 1055 550 advo-A
1069 493 1147 561 rugae
1164 489 1298 563 prasidio
1319 507 1350 549 se
1370 489 1554 549 commitent.
1578 491 1757 567 Sigismundos
1779 517 1832 558 vern

216 595 295 648 cans,
310 579 365 635 hac
379 595 428 635 eos
444 577 574 635 oratione
589 577 744 650 alloquitur
760 593 767 632 :
785 595 800 629 a
818 576 1017 648 Omnipotens,
1071 593 1136 633 cum
1146 580 1438 637 tutelamsnnctorum
1446 582 1834 658 ngnunensiunrrnartynnu-

216 668 320 744 inquit,
337 669 423 726 totius
438 667 619 726 conditurae
645 670 740 723 rector
762 667 849 736 orbis,
870 668 955 732 Deus,
972 682 1020 736 pa·
1069 669 1129 722 tato
1139 670 1284 741 expeteret
1294 687 1413 739 eursu,a
1425 669 1761 736 Clodomiro,Francorum
1770 693 1834 748 rege,

216 758 293 816 terni
305 776 354 815 vos
367 756 866 827 ideovoluitessehoeredesregniut
879 758 1020 811 materna
1069 755 1118 826 qui
1139 773 1205 811 eum
1225 758 1462 830 persequebatur,
1483 762 1583 831 captus
1603 763 1682 832 atque
1704 764 1837 820 Aurelianis

216 865 266 905 vos
276 849 464 906 constitueret
479 848 603 904 vindices
613 847 737 919 injuria.
749 846 938 918 Quapropter,
954 845 1022 901 dile·
1071 844 1234 916 perductus,
1257 847 1364 902 carceri
1390 850 1433 903 ast
1460 847 1645 921 mancipatus.
1668 849 1738 904 Tunc
1757 851 1838 906 beatus

217 937 335 994 ctissimi
349 937 411 1006 tilii,
428 936 551 993 feliciter
563 935 762 1005 nati‚lelicitur
776 933 899 1001 educati,
910 934 931 988 si
947 934 1021 990 hene
1070 932 1177 996 Avitus,
1192 933 1241 1006 qui
1258 935 1289 990 in
1306 935 1450 992 territorio
1461 937 1588 1007 ejusdem
1604 935 1840 995 urbisahhatislun·

217 1026 287 1100 quid
302 1021 1022 1100 devobispromerui,ulcisciminiquieso‚injustam
1072 1026 1196 1090 gebatur
1212 1025 1318 1092 cilicio,
1334 1041 1438 1098 rogare
1460 1024 1652 1080 clodomirum
1664 1027 1741 1098 coepit
1751 1045 1781 1082 ne
1793 1033 1840 1084 tam

217 1115 308 1188 patris
320 1114 478 1189 matrisque
493 1130 567 1170 meae
582 1112 813 1168 infandissimam
830 1128 941 1168 necem.
953 1112 1023 1167 Gau·
1072 1113 1238 1172 excellentis
1262 1113 1421 1170 nobilitatis
1432 1112 1609 1186 insignisque
1624 1114 1748 1170 bonitatis
1767 1117 1842 1171 virum

217 1205 314 1273 deam,
326 1203 457 1277 inquam,
472 1203 525 1258 hos
539 1219 587 1258 me
606 1201 746 1257 enutrisse
768 1201 893 1257 materni
907 1217 1022 1256 exsecu·
1073 1203 1136 1258 neci
1150 1201 1290 1258 traderet.
1307 1201 1390 1267 Quod
1400 1203 1447 1257 ille
1462 1202 1562 1258 audire
1578 1203 1737 1269 detrectans,
1752 1221 1807 1258 eum
1820 1203 1842 1258 in

217 1288 1023 1364 toresdoleris,quorumingemiscoperlsseavcs,magni
1072 1292 1149 1359 villa,
1165 1291 1209 1346 cui
1224 1291 1395 1361 Calumpnia
1405 1307 1513 1346 nomen
1524 1292 1576 1359 est,
1590 1291 1747 1364 perduci,ac
1755 1291 1844 1346 ibidem

217 1380 241 1436 si
251 1379 418 1437 adviverent
433 1381 565 1435 auctores
575 1377 704 1434 honoris.
715 1379 811 1451 Neque
823 1377 934 1434 etenim
943 1376 1023 1450 parvi
1073 1397 1139 1436 cum
1152 1379 1217 1434 liliis
1228 1378 1320 1450 capite
1333 1395 1438 1434 casum
1451 1378 1478 1433 in
1493 1380 1614 1450 puteum
1624 1379 1718 1452 projici
1725 1379 1805 1450 jussit.
1814 1380 1845 1432 lle

218 1467 601 1540 pendendacstvohiscausa
610 1483 741 1522 mearum
757 1468 951 1538 querelarum,
964 1465 1025 1539 qui·
1073 1487 1130 1543 quo
1142 1467 1328 1540 postmodum
1341 1467 1564 1539 sublatusatque
1572 1468 1607 1523 ad
1614 1468 1750 1523 basilicam
1757 1471 1847 1522 sancta

218 1557 398 1630 buscentigit
407 1559 554 1612 tantorum
565 1572 663 1612 carere
673 1555 1023 1629 patrociniispropinquo·
1073 1576 1139 1614 rum
1154 1557 1369 1631 agaunensium
1383 1559 1516 1612 devocius
1526 1562 1693 1632 martyrum,
1703 1573 1763 1612 com
1777 1557 1847 1629 digne

216 1663 370 1720 rum,quos
379 1645 459 1701 vohis
472 1643 702 1702 abstulitinimici
712 1645 795 1700 atrox
808 1643 924 1710 invidia,
935 1643 1024 1717 prius-
1075 1650 1118 1702 est
1132 1647 1243 1701 honore
1259 1647 1395 1718 sepultus.

218 1752 307 1808 quam
326 1735 413 1806 hujus
435 1733 501 1789 vitae
524 1730 711 1806 perciperetis
730 1732 934 1788 oblectamina.
951 1731 1025 1796 Quid
1111 1733 1201 1798 Quem
1211 1734 1505 1806 sanctorumeollegio
1514 1734 1657 1790 Christum
1665 1733 1850 1789 Dominuman·

218 1841 285 1879 vero
295 1822 356 1896 spei
365 1821 401 1877 sit
414 1821 559 1894 reliquum
575 1822 807 1877 animadvertite.
820 1809 1025 1892 Nunquidpar-
1038 1811 1064 1875 B
1076 1839 1253 1886 numerasse,
1263 1822 1392 1878 ideonon
1401 1819 1852 1894 ambiguumhabetnrquodiehri-

217 1911 435 1984 citurosputatis
449 1910 603 1982 nepotibus
617 1910 666 1983 qui
682 1927 741 1966 nou
757 1913 950 1981 perpererunt
964 1910 1023 1965 lra-
1074 1911 1198 1967 citantes
1209 1911 1326 1984 quique,
1339 1911 1361 1965 si
1375 1928 1426 1985 pre
1441 1912 1572 1967 remedio
1593 1911 1694 1965 enimse
1707 1909 1852 1982 ipsiussalu-

219 2002 310 2058 tribus
319 2001 459 2056 ‘llitcerle
470 1998 629 2070 illosparva
644 2015 697 2071 pro
711 2004 791 2072 parte
806 1998 889 2070 regni
900 2015 915 2053 e
926 1997 1023 2054 medio
1074 2005 1136 2056 tare
1151 1999 1275 2056 fideliter
1287 2000 1389 2055 ollerre
1400 1999 1533 2055 lecerunt
1549 1999 1728 2065 sacrificium,
1738 1998 1852 2053 continuo

218 2091 395 2148 sustulerunt
407 2087 573 2144 hominum.
589 2087 677 2143 Vobis
687 2092 785 2143 autem
809 2086 940 2142 mitiores
960 2086 1024 2141 lore
1074 2090 1110 2146 ab
1124 2089 1301 2144 infirmitatis
1313 2105 1371 2144 suae
1384 2088 1544 2144 liberantur
1560 2087 1754 2143 incommodo.
1769 2088 1855 2140 ductu

217 2177 348 2244 censetis,
361 2175 465 2251 quibus
486 2175 589 2231 ablatis
603 2191 780 2247 magnorum
795 2175 883 2230 inerit
900 2190 964 2246 spes
981 2189 1024 2228 re·
1073 2193 1140 2233 vero
1156 2177 1233 2232 necis
1248 2177 1309 2248 ejus
1324 2192 1383 2232 non
1399 2176 1447 2232 diu
1461 2177 1575 2232 laetatus
1590 2179 1633 2231 est
1657 2175 1687 2230 in
1712 2175 1762 2229 hoc
1785 2173 1854 2228 lacto.

218 2265 364 2340 gnoruml
375 2265 506 2335 Namque
522 2263 545 2322 si
558 2279 610 2318 vos
622 2263 734 2334 justam
745 2279 804 2318 non
815 2263 968 2334 exegeritis
983 2265 1026 2319 ul·
1075 2267 1158 2333 Nam,
1174 2265 1303 2337 sequenti
1320 2281 1408 2334 anne,
1430 2264 1508 2320 idern
1522 2264 1719 2332 clodomirus,
1732 2265 1856 2318 commoto

218 2353 342 2422 tionem,
354 2349 408 2426 ipsi
422 2350 502 2407 vobis
514 2350 670 2408 infaustam
686 2351 812 2406 inierant
822 2367 932 2407 necem.
943 2352 1026 2417 Quod
1076 2353 1210 2422 exercitu,
1218 2349 1856 2428 partesburgundiaedevastaturusaggreditur

219 2442 242 2498 si
257 2439 443 2497 miseratione
461 2456 520 2496 non
540 2437 697 2494 movemini
720 2441 913 2508 mortuorum,
928 2438 1026 2494 anxios
1077 2442 1128 2499 Cui
1142 2441 1360 2497 occurritlrater
1368 2441 1445 2514 regis
1456 2440 1649 2510 dornoniae,
1663 2439 1790 2494 fraternas
1798 2435 1859 2491 necis

219 2531 323 2588 saltem
339 2543 474 2584 meorum
489 2525 732 2600 contemplamini
746 2525 1024 2595 affectusviscerum,
1077 2531 1175 2587 nvidus
1190 2530 1303 2598 vindex,
1314 2546 1444 2604 pugnam
1455 2547 1522 2585 cum
1532 2547 1568 2584 eo
1594 2545 1652 2585 non
1662 2526 1859 2583 dubitaviteon·

219 2617 268 2694 qui
281 2617 400 2685 luerint,
417 2615 487 2672 dum
500 2616 613 2689 patrem
632 2614 740 2687 gladio,
753 2617 877 2671 matrem
900 2615 1027 2671 lluminis
1076 2619 1162 2675 terre.
1175 2619 1231 2675 Sed
1240 2619 1470 2691 Burgundiones,
1483 2635 1566 2674 more
1579 2615 1735 2683 sibisolito,
1744 2611 1862 2670 animosi·

218 2705 427 2774 submersione,
441 2719 572 2761 sorerem
594 2703 683 2760 exsilii
703 2704 880 2776 relegatione
894 2701 1027 2760 damnari
1076 2711 1166 2763 tatem
1182 2709 1357 2763 Francorum
1373 2723 1432 2763 non
1449 2707 1640 2780 perferentes,
1656 2703 1783 2760 hostibus
1796 2705 1862 2770 terga

168 2853 171 2860 ,
190 2835 209 2850 .
220 2794 365 2868 conspexi.
380 2814 394 2844 u
410 2791 464 2848 llis
476 2792 526 2850 lllii
534 2791 586 2866 piis
597 2795 737 2848 maternae
753 2793 1027 2865 querelaeecmmoti
1077 2796 1233 2853 nudarunt.
1250 2797 1308 2850 Rex
1324 2812 1391 2852 vcro
1405 2794 1599 2862 clodomirus,
1615 2793 1736 2865 juventa
1749 2789 1863 2852 alacrior,

221 2884 380 2951 affectibus·
397 2881 555 2938 exercitum
571 2880 748 2937 Francorum
761 2881 942 2954 pervalidum
958 2897 1027 2936 ccu-
1078 2881 1864 2958 armismnnitus,etipsopraesentiscertaminisprospere

219 2975 386 3049 gregantes,
409 2971 606 3045 burgundiam
622 2973 724 3026 contra
750 2969 970 3044 sigismundum
998 2972 1027 3026 et
1077 2990 1205 3030 successu
1218 2973 1371 3041 animatus,
1387 2971 1456 3027 dum
1470 2970 1607 3027 audacius
1621 2987 1709 3043 quam
1719 2967 1810 3023 debuit
1822 2965 1866 3018 ho·

219 3064 407 3129 Godmarnm,
424 3059 497 3117 illios
511 3059 692 3115 Gundebaldi
706 3057 793 3132 regis,
812 3058 1026 3132 pugnaturiin-
1041 3065 1136 3159 Getes
1149 3061 1317 3135 insequitur,
1333 3061 1503 3132 pernicitate
1518 3061 1587 3133 eqni
1612 3060 1657 3114 cui
1674 3057 1811 3114 insederat
1830 3067 1866 3106 ve·

1077 3155 1149 3220 ctus,
1176 3167 1282 3222 agmen
1307 3149 1470 3218 inimicum,
1499 3149 1542 3204 sui
1567 3148 1695 3203 nimium
1724 3144 1866 3215 negligens,

545 3237 656 3293 CAPUT
671 3237 714 3292 IV·
1079 3239 1239 3296 antecessit.
1256 3238 1348 3304 Quem
1370 3237 1443 3294 illia
1464 3238 1521 3292 suis
1547 3237 1709 3302 desertum,
1729 3251 1746 3288 a
1767 3249 1793 3286 so
1815 3243 1868 3283 vero

257 3330 298 3386 De
316 3327 486 3401 Siyismundi
508 3325 703 3396 inaedificssnda
717 3325 937 3381 &detunctorum
954 3343 1029 3379 mar·
1078 3329 1306 3385 circumventum
1322 3324 1490 3398 conspicati,
1502 3325 1567 3380 telis
1588 3323 1704 3380 eminus
1720 3333 1869 3394 urgerecoa·

333 3427 426 3489 tyrum
440 3423 533 3474 coacto
547 3415 922 3487 magnificentioetvv'ctorr'o.
1078 3423 1193 3494 perurit.
1218 3417 1285 3474 Sola
1313 3416 1422 3472 etenim
1447 3413 1558 3487 species
1581 3414 1637 3469 viri
1662 3415 1692 3468 et
1715 3409 1796 3466 nimis
1809 3409 1870 3462 ncta

256 3505 484 3579 Tunsslemporis
495 3505 697 3577 sigismundus
707 3503 1029 3560 basilicflmstnclorum
1080 3499 1870 3582 atquealacristortitudinisgloriaperturbabathostem,

222 3592 1030 3666 ldauriciisociorumqueejusmagnisexstruebatimpen·
1080 3615 1117 3655 ne
1131 3599 1193 3670 quis
1206 3595 1339 3669 proprius
1352 3592 1489 3648 feriturus
1504 3593 1631 3648 auderet
1653 3589 1795 3646 accedere.
1819 3581 1871 3648 Qui,

224 3683 271 3745 sis.
291 3683 318 3738 in
346 3684 409 3740 loco
437 3685 602 3756 nuncupato
623 3683 756 3755 Agauno.
788 3681 868 3738 Circa
893 3682 1030 3738 eumdem
1080 3675 1872 3744 uhihostilibussecircumdatumcuneisvidit,nullum·

174 3797 183 3808 ·
225 3772 440 3846 quippelocum
457 3770 732 3842 magnanimitatem
746 3771 937 3827 sumostendit
948 3771 1031 3827 devo·
1081 3774 1249 3850 qneadesse
1264 3787 1393 3839 suorum,
1410 3769 1636 3826 invirtutasola
1665 3765 1820 3822 remedium
1832 3775 1872 3832 po·

224 3853 322 3930 tionis,
339 3860 410 3916 dum
426 3862 501 3916 esset
515 3859 557 3915 vir
572 3859 690 3932 optimae
703 3859 809 3916 mentis
823 3863 852 3916 et
866 3863 1030 3917 sanctarum
1081 3881 1154 3920 nens
1169 3862 1276 3928 salutis,
1298 3859 1439 3916 convertit
1458 3873 1567 3932 equum
1586 3872 1710 3929 seseque
1729 3849 1835 3922 collegit
1850 3847 1872 3900 in

224 3950 415 4024 locupletator
437 3949 633 4006 ecelesiarum.
656 3949 729 4005 Nam
744 3952 774 4005 et
785 3949 961 4024 praediorum
989 3949 1029 4007 illi
1080 3969 1171 4008 arma.
1187 3951 1318 4006 lllstuare
1331 3953 1429 4004 tamen
1446 3945 1660 4018 magnanimus
1673 3941 1758 4016 coepit
1767 3935 1874 4013 juvenis,

223 4041 287 4097 loco
303 4039 425 4096 contulit
438 4039 564 4112 copiam,
579 4041 609 4094 et
621 4039 792 4094 clericorum
805 4039 938 4096 ordinem
954 4039 1029 4111 psal·
1079 4044 1176 4114 atque,
1200 4039 1325 4096 incertus
1346 4036 1448 4104 enimi,
1475 4035 1612 4107 ingentia
1636 4035 1755 4108 pectore
1777 4039 1874 4082 aversare

223 4129 347 4186 lentium
355 4127 807 4200 constituens,sanetaereligionis
815 4130 957 4199 martyres
965 4143 1029 4200 pro·
1079 4128 1207 4185 consilia.
1217 4127 1375 4183 Obviamne
1386 4124 1525 4191 eundum,
1536 4139 1575 4178 an
1583 4122 1720 4178 hostibus
1731 4115 1875 4174 cedendum

224 4219 373 4294 piliossibi
384 4218 510 4274 adscivit.
526 4218 696 4276 Meminerat
710 4219 830 4286 etenim,
842 4235 883 4288 se,
898 4217 1029 4291 conjugis
1078 4219 1162 4284 soret,
1183 4214 1349 4288 aliquandiu
1368 4211 1546 4275 deliberavit.
1577 4211 1714 4267 Tandem
1736 4200 1875 4277 aliquando

226 4307 458 4382 persuasionibus
473 4308 638 4380 deceptum,
654 4308 770 4364 unicum
779 4307 908 4364 amisisse
923 4307 1026 4363 filium.
1077 4305 1187 4363 invenit
1203 4305 1315 4361 ratione
1329 4302 1415 4371 viatn,
1430 4301 1553 4372 vicitque
1566 4301 1704 4355 maritam
1719 4295 1823 4370 pudor;
1839 4289 1876 4343 in·

225 4396 328 4468 Quam,
338 4396 409 4452 dum
421 4391 545 4452 illaedio
560 4396 742 4468 persequitur
757 4396 909 4465 novercali,
924 4397 952 4452 in
965 4401 1028 4452 tao·
1041 4386 1178 4469 Iliaeque
1199 4392 1425 4449 confertissimos
1448 4388 1559 4445 adversi
1577 4387 1709 4461 agnimis
1732 4385 1804 4438 virus
1824 4390 1877 4449 pro·

226 4483 1031 4559 tumexosumfeceratpatri,utlellecommotusjuberet
1079 4500 1177 4553 ruens,
1192 4483 1269 4538 terro
1282 4481 1338 4537 iter
1362 4479 1473 4553 aporire
1496 4479 1632 4546 conatus,
1657 4471 1877 4549 quamprimum

224 4591 290 4631 eum
304 4573 400 4649 puniri
415 4573 587 4647 gladi0.Nec
600 4573 691 4629 mullo
706 4576 771 4646 post
785 4573 852 4629 tacti
862 4573 1033 4648 poenitentia
1082 4572 1196 4629 obviam
1214 4571 1314 4627 hahuit
1327 4585 1401 4642 equo
1417 4567 1530 4640 dejecit.
1548 4565 1772 4621 Circumvcntus
1784 4563 1876 4616 aulen.

225 4663 339 4732 ductus,
350 4662 515 4735 secumipse
526 4662 738 4736 reputansquid
749 4663 863 4718 sceleris
873 4663 1032 4734 admiserit,
1083 4661 1220 4718 confossis
1246 4659 1384 4715 lateribus
1412 4658 1477 4712 vitre
1504 4655 1673 4711 terminum
1700 4648 1812 4708 sortitus
1835 4645 1878 4699 est·

220 3151 405 3227 gradiuntur.

225 4753 261 4808 ad
273 4754 404 4827 sepulcra
424 4756 593 4808 sanctorum
617 4767 769 4806 recurrens
789 4768 864 4824 saepe
892 4752 1032 4826 humique

225 4844 394 4917 prostratus,
409 4858 458 4897 cos
472 4857 542 4913 erga
552 4857 581 4896 se
592 4840 816 4896 clementissime
831 4841 895 4897 sore
919 4841 1030 4913 eltlagi-

223 4929 1030 5006 tans,rogabatut,siqnidminusperlectomdivinreque

222 5021 367 5094 majestati
383 5021 535 5076 adversum
552 5019 582 5075 in
601 5019 658 5075 suis
675 5019 850 5092 reperiretur
865 5019 985 5076 actibus.
1000 5018 1030 5074 id

221 5127 324 5166 eorum
339 5111 503 5166 interventu
507 5108 699 5182 Justustudex
711 5107 740 5163 in
753 5107 809 5162 hcc
820 5109 924 5163 seculo
936 5106 1030 5180 potius

128 5191 136 5204 '
220 5216 308 5272 quam
324 5200 353 5256 in
362 5198 459 5256 tuturo
471 5197 587 5271 puniret
596 5197 740 5253 examine.
755 5195 846 5260 Quam
857 5196 1029 5269 petitionem

219 5285 1030 5361 adellectninjuxtavotumpervenisseconstat.Audiens

219 5378 325 5451 quippe
339 5377 497 5433 exercitum
518 5375 655 5431 advenire
672 5374 861 5442 Francorum,
876 5374 1030 5430 instruitet

218 5467 279 5540 ipse
289 5468 437 5540 copiosam
452 5481 570 5522 suornm
585 5480 718 5531 manum,
733 5466 819 5538 atque
833 5465 967 5520 adversus
979 5482 1029 5521 eos

218 5553 1026 5628 puguaturusaciemdirigit.Congressi0neitaquelacta,

218 5643 334 5720 Francis
357 5643 461 5699 acriter
485 5641 695 5716 proeliantibus,
719 5639 785 5698 victi
814 5643 1028 5716 burgundiorcs

1082 4749 1209 4822 Impiger
1218 4765 1286 4805 sane
1295 4746 1408 4820 juranis
1421 4749 1544 4800 etmanu
1556 4745 1728 4816 promptus,
1740 4739 1788 4794 sed
1798 4731 1878 4790 consi·

1080 4839 1119 4894 lio
1151 4855 1255 4912 parum
1284 4835 1439 4910 providus;
1466 4833 1514 4906 qui
1540 4834 1570 4887 in
1599 4829 1739 4887 secundis
1764 4835 1879 4882 amorem

1080 4929 1215 5001 posuerat
1227 4926 1301 4982 vitae.
1318 4925 1382 4981 Fuit
1395 4927 1492 4978 tamen
1506 4924 1667 4988 maternae,
1679 4935 1732 4992 pro
1746 4929 1833 4990 posse,
1847 4909 1881 4963 ¹¹¹·

1080 5021 1127 5073 tor
1140 5014 1263 5087 injuria.
1280 5015 1369 5070 Porro
1385 5010 1497 5077 Franci,
1507 5009 1585 5080 regis
1596 5009 1723 5064 interitu
1733 5001 1879 5075 comperto,

1080 5120 1150 5173 non,
1166 5108 1196 5160 ut
1211 5103 1345 5160 nationes
1370 5104 1492 5168 cetero,
1522 5097 1691 5152 subsidium
1719 5088 1881 5167 quesierunt

1079 5195 1165 5268 luga,
1181 5193 1241 5261 sed,
1255 5193 1297 5249 iro
1311 5191 1450 5254 Fervente,
1470 5185 1699 5258 burgundiones
1714 5177 1828 5238 insecuti
1837 5189 1881 5272 ca:

1079 5285 1151 5340 duvrt
1166 5285 1409 5357 prosternuntque
1425 5277 1560 5351 graviter.
1579 5275 1796 5343 Devnstclaque
1811 5279 1881 5359 omui

1079 5371 1239 5438 Provincia,
1255 5370 1385 5425 nativum
1402 5363 1660 5438 repetuntsolum.
1674 5363 1805 5433 Regnum
1817 5367 1881 5422 regu

1079 5461 1222 5517 interfecti
1234 5473 1301 5515 cum
1313 5458 1373 5528 ejus
1385 5451 1654 5516 uu01·a,Gundeuea
1665 5445 1882 5513 nomino,lrater

1079 5551 1219 5607 Clotarius
1233 5547 1351 5619 accepit.
1367 5545 1451 5599 Filios
1468 5557 1534 5596 vero
1557 5539 1636 5610 ejus,
1660 5533 1880 5593 Tlieodualvlum,

1078 5639 1248 5696 [lanterium
1264 5640 1349 5710 atque
1367 5632 1567 5696 Clodualdum,
1586 5628 1654 5684 avia
1674 5643 1778 5682 eorum
1794 5619 1880 5678 Glotil·
