3932 6174
73 427 134 488 lost
632 425 795 486 ilElllGlllll
809 419 919 486 susm
932 425 1155 488 EPlSG.LEOD.
1655 430 1724 490 2822

70 568 112 608 ne
127 549 302 624 principibus
323 549 402 609 orbis
415 549 502 626 (278),
528 567 561 610 ac
583 565 636 626 per
661 552 717 610 hoc
741 555 871 610 cessante
884 553 978 617 Asuis
990 551 1078 610 effera
1094 569 1165 627 gens
1179 529 1341 624 hunoru‘m,
1356 569 1421 628 qua
1444 569 1497 628 per
1511 555 1605 610 totum
1618 552 1724 612 diffusa

70 639 182 698 turbine
196 639 404 714 persecutionis
414 648 462 708 ¹⁸⁹,
478 641 702 699 exuberantibus
727 641 873 698 facultati·
921 645 965 696 est
977 642 1079 698 orbem
1099 641 1319 698 Romanunm.
1343 641 1430 714 Cvrjus
1446 644 1515 698 ante
1533 658 1569 699 ea
1594 650 1630 685 ¹⁴⁹
1649 645 1723 699 tem·

68 727 119 784 hus
128 728 339 799 ecclesiasticis,
351 733 459 802 quanto
470 729 789 802 alunantiasugahatur
799 728 871 785 divi·
921 745 993 802 pora
1007 729 1105 786 invisa
1122 729 1216 802 gantis
1229 733 1355 794 exortus,
1368 732 1400 786 ut
1421 747 1482 786 sese
1498 730 1555 786 tert
1568 730 1725 803 antiquitas

69 816 397 884 h'arum,lantoluxus¹⁴⁰
408 817 538 876 lumenta
557 818 797 876 subministrabat
807 817 871 874 lihi·
920 818 1077 886 relatienis,
1096 833 1148 874 nos
1163 834 1277 892 quoque
1293 819 1473 875 absolvamus
1487 818 1725 891 perpaucisl'er-

68 904 166 962 diuum
176 914 223 972 ²⁴¹,
233 905 478 978 haecpotissimum
487 908 728 980 malasuperante
737 906 869 962 Arrianae
920 910 968 963 tur
979 922 1107 978 namque
1123 923 1140 961 a
1154 904 1337 978 quibusdam,
1352 906 1431 980 quod
1444 909 1577 978 tempore
1593 905 1724 964 iamis¹¹⁰

67 993 188 1066 pertidia
198 994 344 1062 hereseos,
360 1011 426 1067 quse
442 1004 478 1038 ¹⁴²
492 995 577 1068 pullis
591 995 635 1052 sui
649 994 755 1052 erroris
776 997 871 1052 totum
921 1015 986 1071 quae
1000 997 1077 1052 tacta
1091 995 1135 1050 est
1145 1002 1181 1037 ¹⁸¹
1196 1010 1273 1050 anuo
1289 994 1401 1050 decimo
1413 994 1525 1052 Claudii
1539 995 1613 1068 (Act.
1625 1012 1664 1064 rr,
1676 994 1722 1066 28)

66 1085 242 1154 resperserat
256 1082 359 1140 orbem
372 1084 583 1144 Romanorum.
597 1083 649 1140 Cui
666 1082 741 1156 pesti
764 1082 871 1156 ubique
921 1083 1049 1148 Caesaris,
1062 1083 1142 1155 cujus
1154 1085 1183 1138 et
1194 1082 1282 1138 Lucas
1292 1081 1323 1138 in
1334 1082 1444 1139 actibus
1457 1084 1657 1156 apostolorum
1663 1099 1725 1138 me-

65 1171 193 1242 serpenti
205 1171 377 1228 resistebant
390 1171 609 1244 potissimuma
636 1173 710 1229 collo
736 1172 871 1228 acclesiae
921 1171 1008 1228 minit
1020 1169 1105 1244 (379),
1122 1186 1188 1226 cum
1200 1179 1236 1214 ²¹¹
1255 1173 1285 1226 et
1308 1172 1408 1228 Petrus
1432 1171 1554 1229 Romam
1578 1172 1724 1245 ingressus

66 1263 94 1315 et
103 1261 183 1316 turre
193 1260 252 1316 veri
259 1259 348 1316 llavid
360 1276 425 1332 quae
436 1258 569 1318 edificata
577 1264 621 1317 est
631 1276 697 1318 cum
705 1276 870 1334 propugnes·
920 1277 1032 1318 nonum
1045 1274 1156 1316 aunum
1171 1262 1281 1332 ageret,
1297 1261 1327 1316 et
1341 1261 1445 1316 Paulus
1459 1277 1561 1318 omnes
1583 1261 1724 1318 ecclesias

65 1347 145 1414 culis,
173 1347 372 1420 dependentes
394 1347 473 1404 mille
497 1347 592 1430 clipei,
609 1349 705 1406 omnis
724 1350 872 1406 armatura
921 1348 958 1405 ad
967 1348 1156 1406 elemosinam
1166 1347 1341 1421 pauperihus
1353 1351 1519 1405 sanctorum
1529 1348 1723 1406 iherosolimis

13 1445 16 1454 ’
64 1435 185 1493 tortium
196 1435 294 1509 (case.
307 1452 347 1506 rv,
362 1435 402 1510 4),
419 1436 554 1493 Silvester
566 1438 871 1506 Romanorumhtha-
920 1437 1095 1496 mittendam
1111 1439 1246 1492 moneret
1261 1467 1294 1476 —
1308 1435 1424 1492 modius
1438 1437 1517 1492 enim
1535 1452 1661 1492 munnae
1675 1451 1724 1491 sex

65 1525 161 1582 nasius
168 1525 872 1590 alexandrinorum,Ambrosiusllediolanensium
922 1526 1050 1600 dragmis
1064 1525 1158 1582 aureis
1172 1528 1243 1599 aput
1254 1525 1383 1582 Greciam
1407 1523 1629 1581 vendebatur-
1648 1539 1724 1590 cum,

65 1614 205 1670 llaximus
218 1614 416 1683 Trevirorum,
437 1614 559 1670 Hilarius
577 1615 768 1684 Pictavorum,
782 1616 874 1672 ldarti-
921 1615 1054 1690 inquam,
1063 1631 1097 1671 co
1106 1615 1385 1687 tempore,utLuoaa
1396 1613 1464 1669 dicit
1475 1612 1724 1684 ¹¹²,Claudiuspro

65 1702 874 1772 nusTuronorumhnianusAurelianenium,severinus
922 1699 1725 1776 inopiatotumorbemprolligatnranonsolumludeev

66 1790 295 1861 Coloniensium,
308 1791 446 1848 bruschius
461 1792 686 1848 vercellensium
703 1795 733 1848 et
743 1808 816 1865 eque
826 1790 874 1846 alii
924 1791 1163 1866 erpellijussisset
1176 1791 1212 1848 ab
1228 1791 1314 1858 Urbe,
1328 1791 1378 1846 sed
1390 1792 1420 1846 et
1431 1807 1533 1846 omues
1554 1787 1724 1846 imbecillio-

66 1879 202 1935 catholici
217 1895 250 1936 ac
264 1879 395 1953 praeclari
414 1880 476 1952 ejus
489 1880 629 1954 temporis
643 1879 768 1954 episcopi
788 1873 910 1954 (276).Β
924 1887 1011 1936 res²⁸⁸
1024 1897 1090 1936 cum
1100 1879 1168 1954 ipsis
1177 1879 1284 1948 iudeis,
1298 1883 1329 1936 ul
1339 1880 1441 1936 saltem
1452 1877 1606 1934 validiores
1616 1879 1727 1934 susten-

66 1968 104 2024 Er
122 1967 229 2040 quibus
251 1967 428 2024 Athanasius
449 1970 511 2026 tcto
541 1969 611 2026 orbe
631 1968 758 2042 lugetur,
784 1968 834 2026 sed
858 1985 876 2024 a
923 1971 1056 2026 terantur
1069 1969 1183 2044 reliquo
1195 1985 1282 2041 pane,
1301 1968 1395 2026 claudi
1414 1967 1525 2024 iecisset
1543 1966 1573 2024 in
1598 1965 1727 2040 quodam

66 2055 629 2130 llariminolrevirorumarchiepiscopa
643 2055 877 2130 intrepidesusci.
925 2058 1024 2114 abdito
1037 2061 1133 2126 terren,
1149 2057 1287 2114 coaluisse
1302 2075 1392 2131 usque
1407 2058 1445 2114 ad
1465 2056 1629 2129 supradicta
1651 2057 1726 2108 tem·

67 2145 141 2216 pilur
153 2143 244 2218 (277).
259 2144 396 2202 Paulinus
409 2147 475 2218 post
488 2161 554 2201 eum
571 2145 722 2220 episcopus
736 2162 804 2202 curn
816 2145 875 2201 llo-
923 2163 996 2220 pora
1009 2147 1040 2204 in
1054 2151 1173 2221 gentem
1188 2163 1326 2221 magnam
1341 2148 1472 2220 ,Ungros
1484 2145 1609 2218 denique
1624 2146 1726 2199 notum

69 2232 152 2288 diano
165 2232 244 2306 (278)
259 2234 288 2288 et
302 2233 410 2290 Hilario
425 2249 500 2306 eque
514 2232 672 2290 Galliarum
687 2233 827 2308 episcopis
843 2233 874 2291 in
923 2240 967 2292 est
979 2237 1045 2294 huic
1060 2237 1146 2294 lamae
1160 2237 1298 2294 assentari
1310 2237 1394 2303 velle,
1407 2235 1457 2308 qui
1471 2238 1501 2290 et
1522 2234 1636 2306 jactant
1659 2247 1689 2288 se
1708 2247 1726 2286 a

73 2321 164 2394 lrigia
173 2321 258 2378 exilio
272 2321 460 2391 damnantur,
473 2323 522 2380 uhi
533 2326 564 2380 et
577 2324 712 2380 Paulinus
726 2323 875 2381 Treviren·
922 2324 1019 2382 iudeis
1029 2325 1295 2398 originemduccre.
1307 2326 1346 2380 lle
1356 2323 1445 2380 lluuis
1457 2325 1631 2379 autemcum
1640 2317 1727 2374 multi

72 2408 105 2464 sis
118 2411 236 2468 exulans
250 2415 378 2468 mortem
393 2411 464 2468 obiit
479 2411 547 2485 (Aa.
565 2412 640 2485 384).
657 2413 716 2470 llac
727 2421 763 2457 ¹⁴⁸
776 2413 873 2486 itaque
922 2412 1147 2486 historiographi
1162 2413 1261 2484 assint,
1273 2411 1354 2468 testis
1367 2409 1530 2466 verissimus
1540 2425 1600 2482 pras
1614 2405 1725 2464 ceteris

72 2496 127 2556 lece
142 2497 194 2554 sub
209 2498 309 2556 multis
324 2499 429 2557 deinde
440 2500 666 2574 imperatoribus
677 2517 730 2574 per
742 2501 874 2558 christia·
922 2502 1006 2559 adest
1018 2501 1151 2560 iordanis
1163 2501 1324 2575 episcopus,
1339 2500 1402 2574 quis
1415 2515 1517 2556 eorum
1529 2497 1618 2554 luerit
1632 2498 1723 2564 ortus,

74 2601 138 2642 nnnr
155 2585 314 2659 imperium
327 2605 416 2661 usque
426 2588 464 2645 ad
473 2590 609 2662 tempora
621 2589 748 2646 Valentis
758 2589 872 2662 augusti
921 2591 952 2648 in
966 2591 1087 2649 historia
1098 2590 1134 2648 de
1147 2590 1236 2664 gestis
1254 2590 1414 2646 Gothorum
1435 2589 1478 2644 vcl
1491 2588 1626 2644 Getarum
1647 2587 1726 2642 lucu·

77 2674 338 2747 pullulantesutera
348 2675 507 2734 Attisdmus
516 2678 587 2751 quod
599 2678 798 2736 muttcmntitin
807 2685 870 2734 esset
921 2679 1080 2736 lentissime
1092 2678 1171 2736 edita
1185 2679 1215 2735 in
1225 2679 1288 2736 haec
1301 2678 1391 2734 verba
1405 2694 1412 2734 ι

76 2762 204 2820 'mmmm
226 2771 252 2820 εἴ
275 2771 373 2822 cuma
393 2766 758 2838 ⁶⁰951415⁰⁰⁰7d¹3¹⁸¹⁴mt²²5
784 2783 873 2839 Pr⁰²¹⁰
988 2787 1031 2842 lt.
1048 2783 1126 2852 Quod
1139 2785 1173 2840 ch
1184 2783 1328 2840 immundis
1338 2784 1476 2857 spiritibus
1488 2791 1513 2839 et
1525 2800 1557 2840 es
1570 2783 1657 2854 mnuv's

76 2859 135 2908 eset
145 2852 181 2908 ad
200 2852 304 2912 mulum
317 2855 393 2911 mani
407 2861 521 2927 tempore
536 2853 618 2926 (Ges.
634 2872 672 2924 vr,
689 2855 728 2928 ὅ),
748 2856 798 2928 qui
812 2855 872 2928 pri·
1098 2856 1252 2912 multentur
1258 2859 1397 2928 procreati
1409 2855 1547 2913 rimantur.

76 2955 210 3014 rnnmper
224 2957 366 3014 aquarum
377 2942 558 3000 diluvinmw
569 2959 688 3000 omnem
699 2946 874 3017 purgaverat
956 2941 1721 3017 [Posteafflautemnonlongitemporisintervallum,

76 3029 187 3100 terram,
200 3047 239 3086 ne
249 3039 286 3075 ¹⁴⁴
295 3030 503 3090 commistione
518 3031 644 3093 tiliorum
660 3032 723 3099 Dei,
745 3032 781 3091 de
804 3032 873 3088 Seth
921 3037 954 3090 ut
967 3033 1058 3090 refert
1072 3032 1216 3102 horosius,
1228 3033 1377 3089 llunorum
1387 3049 1459 3105 gens
1472 3048 1538 3088 cum
1553 3030 1635 3087 omni
1647 3029 1726 3086 lero·

76 3115 198 3176 videlicet
208 3123 439 3192 procreatorum,
452 3137 519 3178 cum
538 3121 651 3178 filiabus
673 3120 826 3178 hominum
840 3137 873 3177 ex
921 3127 1008 3186 msam
1024 3118 1264 3182 atrocidrexarsit
1279 3123 1309 3179 in
1324 3123 1431 3179 Gotho,
1445 3129 1491 3178 ru,
1513 3122 1586 3176 Nam
1607 3120 1671 3187 1102,
1693 3119 1725 3176 ul

76 3203 138 3263 tain
154 3209 300 3281 generatis
306 3219 342 3253 ²⁴⁸
352 3209 589 3283 coinquinaretur
598 3211 763 3283 progenies,
775 3210 810 3268 de
817 3221 907 3284 quac
923 3215 1012 3273 relcrt
1026 3213 1192 3288 antiquitas,
1207 3213 1248 3268 ita
1262 3211 1422 3268 constitisse
1436 3209 1632 3282 comperimus
1648 3206 1723 3276 (Jor-

27 3336 30 3342 .
74 3299 339 3365 prouostrasalute
352 3315 471 3356 mnnem
485 3299 775 3357 decreveratsumere
791 3316 797 3356 :
813 3300 874 3374 ipse
922 3303 999 3373 dna,
1015 3306 1058 3367 24)
1073 3318 1080 3358 :
1097 3301 1213 3360 l'imiler
1236 3309 1272 3344 ¹⁸⁸
1293 3317 1344 3356 rex
1362 3300 1521 3356 Gothorum
1533 3306 1570 3342 ¹⁵⁸
1593 3294 1724 3354 Gadarioi

72 3383 114 3442 his
128 3388 309 3460 temporibus
330 3389 393 3446 orbi
412 3390 545 3446 Romano
564 3392 778 3465 preparaverat
798 3391 873 3447 cxci·
923 3392 1024 3466 magni
1038 3393 1123 3461 illins,
1135 3391 1259 3464 quipost
1272 3384 1726 3462 egressumScantiaeinsulaejarn

71 3471 158 3544 dum,
168 3493 207 3532 na
220 3477 350 3534 aecclesia
359 3495 419 3536 non
429 3478 541 3536 habens
554 3480 698 3537 maculam
711 3482 874 3554 autrugam
923 3482 1024 3555 quinto
1040 3482 1103 3538 loco
1120 3483 1223 3536 tenens
1233 3485 1268 3521 Μ
1282 3478 1478 3550 principatum
1492 3476 1661 3542 Gatharum,
1676 3472 1725 3546 qui

71 3577 117 3618 suo
142 3565 287 3638 sanguine
309 3565 462 3640 redempta
489 3571 518 3623 ct
537 3583 613 3639 aqua
634 3566 771 3639 baptismi
788 3583 874 3638 super
923 3573 953 3628 et
966 3574 1058 3627 terras
1083 3569 1221 3626 Scithicas
1246 3584 1313 3624 cum
1336 3584 1388 3622 sua
1406 3569 1493 3639 gente
1518 3563 1675 3630 introisset,
1699 3560 1723 3616 si

70 3649 162 3708 nivem
177 3653 441 3710 dealbatahrriana
450 3653 556 3712 diutius
564 3655 725 3712 fuscaretur
740 3655 872 3728 perfidia.
923 3660 972 3714 cut
985 3667 1021 3702 ¹⁸⁸
1034 3674 1051 3714 a
1065 3657 1266 3714 nohisdictum
1282 3658 1335 3723 est,
1351 3655 1480 3728 repperit
1500 3653 1532 3708 in
1547 3653 1654 3726 populo
1674 3667 1726 3707 suo

113 3742 157 3800 17.
170 3739 375 3816 Deusaeper
387 3748 473 3800 totum
485 3745 625 3817 imperium
639 3743 826 3800 Romanorum
923 3748 1064 3820 quasdam
1080 3761 1181 3817 magas
1201 3743 1348 3812 mulieres,
1375 3760 1446 3817 quas
1472 3741 1566 3814 patrio
1590 3754 1725 3796 sermone

413 3831 528 3904 diffusis.
924 3834 1114 3890 llaliornnnas
1134 3834 1157 3890 is
1180 3833 1242 3904 ipse
1265 3831 1462 3902 cognominat,
1487 3843 1592 3900 easque
1615 3827 1727 3882 habens

100 3916 328 3992 Valentisigitur
342 3919 526 3992 imperatoris
538 3921 727 3994 temporequi
740 3937 874 3995 persecu·
923 3925 1078 3994 suspectas,
1096 3922 1130 3978 de
1154 3919 1251 3976 medio
1271 3918 1313 3974 sui
1334 3917 1499 3991 proturbat,
1521 3918 1666 3988 longeque
1689 3913 1725 3968 ab

68 4002 397 4066 ticuemnovissimus²⁴⁶
409 4009 543 4065 aecclesiis
552 4009 766 4066 catholicisnon
777 4009 876 4066 timuit
924 4010 1052 4066 exercitu
1061 4026 1112 4066 suo
1132 4010 1255 4080 fugatas,
1279 4007 1309 4062 in
1328 4005 1482 4062 solitudine
1501 4004 1597 4077 coegit
1614 4018 1724 4058 errare.

71 4091 227 4166 intentare,
237 4100 267 4153 et
279 4098 317 4154 ab
329 4098 458 4154 Eudoxio
471 4099 699 4154 heresiarchem
714 4100 874 4173 rebaptiza·
924 4097 1121 4170 Quasspiritus
1130 4095 1276 4152 immundi
1286 4110 1338 4166 per
1345 4095 1497 4150 heremum
1505 4093 1642 4164 vagantes
1652 4090 1723 4146 dum

69 4181 111 4238 tus
123 4189 168 4242 est
179 4185 304 4244 Arriano
322 4185 471 4261 dogmate,
485 4185 608 4245 excitata
628 4191 672 4245 est
690 4187 726 4244 de
748 4188 874 4245 latibulis
923 4186 1061 4244 vidissent
1071 4189 1101 4242 et
1111 4202 1141 4242 se
1153 4201 1254 4242 aarum
1264 4182 1460 4258 complexibus
1470 4181 1500 4238 in
1511 4178 1725 4238 coitumiscuis·

729 4358 845 4416 VARIAE
864 4356 1065 4416 hemionios.

74 4484 138 4588 mm
150 4479 395 4552 persecutionibus
411 4483 437 4545 l.
467 4480 652 4565 '²¹⁰luris'3.
707 4491 743 4527 ¹⁴¹
757 4487 931 4566 supersunt:
968 4483 1130 4565 ¹¹⁴²reh'qua
1145 4480 1242 4563 desunt
1260 4478 1312 4536 Gt.
1361 4487 1397 4523 ²⁴³
1419 4495 1488 4605 cplrr.
1510 4479 1535 4534 t.
1553 4475 1725 4604 ehpilipium.

74 4554 283 4682 tutti.
303 4556 684 4693 J‘lrttlllul‘tttl
699 4555 1036 4682 intulistis
1060 4552 1399 4704 s.²“l¹·⁹l⁶lt⁸l⁰¹l⁰.⁶‘{it
1415 4552 1519 4676 ifle}
1536 4623 1561 4676 ι.
1649 4565 1729 4702 tte

74 4685 144 4746 Beda
156 4689 206 4749 Gt.
244 4693 453 4752 evanesceret.
491 4703 528 4738 ²⁸⁸
540 4695 746 4754 imbecilliores
759 4713 827 4754 corr.
844 4696 990 4754 l.imbec.
1028 4695 1170 4751 ’rsuram
1184 4693 1236 4750 Gla.
1273 4693 1451 4750 ¹⁸⁸lllrmel.
1468 4695 1494 4750 3.
1511 4692 1531 4747 Β
1548 4691 1729 4752 l.corr.tll1-

76 4763 381 4824 nerafllimsthssa.
420 4774 457 4810 ²⁸⁶
471 4783 576 4824 uocum
589 4769 617 4826 2.
656 4774 691 4812 ¹⁸⁷
704 4771 809 4826 tenens
822 4785 892 4827 corr.
907 4767 1027 4826 tenebat
1038 4771 1067 4830 2.
1104 4767 1232 4823 ¹⁸⁸ricl.
1250 4767 1277 4827 8.

841 4943 954 5005 hura.

101 5056 179 5132 ,(275)
193 5057 302 5116 lisdem
322 5059 385 5118 tere
406 5059 472 5118 virle
489 5061 568 5136 apud
587 5061 667 5137 Sulp.
689 5061 827 5122 Severum
843 5064 873 5122 in
887 5061 1112 5135 Decitiumupud
1126 5061 1266 5120 creverim
1279 5061 1358 5135 janu
1381 5059 1562 5130 Caelestini,
1577 5076 1632 5115 con
1653 5057 1725 5116 Con·

83 5117 135 5186 dut,
146 5131 248 5188 eccles.
265 5133 299 5199 ll,
313 5133 357 5188 35.
921 5137 1016 5192 stcatii
1024 5135 1151 5207 pertulit,
1167 5134 1274 5207 wando
1294 5149 1356 5192 cum
1373 5132 1497 5189 Monimo
1522 5135 1640 5205 epsicopo
1659 5129 1725 5184 Tre·

117 5201 177 5346 2763
198 5202 283 5260 conr.
300 5202 380 5276 Sulp.
395 5203 494 5262 Sever.
509 5204 543 5271 ll,
561 5203 606 5274 36,
623 5207 729 5263 ar—la
919 5223 1046 5264 verorum
1058 5211 1083 5262 et
1096 5205 1220 5264 Serantis
1235 5205 1410 5276 Tuaprorucs
1421 5212 1446 5260 et
1460 5204 1521 5260 aliis
1536 5203 1627 5258 multis
1643 5198 1723 5256 Colu-

80 5275 186 5456 prglzgla
199 5361 252 5428 sna
267 5345 381 5429 liuponi
394 5346 545 5418 proposuit
559 5348 679 5432 questio
693 5348 725 5432 de
738 5350 872 5475 probroso
920 5351 1055 5422 episcopus
1073 5350 1217 5404 damnatus
1235 5350 1299 5419 suit.
1320 5347 1377 5404 Cir.
1401 5362 1516 5421 quoquc
1538 5341 1633 5398 Rufini
1653 5339 1723 5396 llist.

80 5425 129 5555 a:
143 5415 873 5560 witatltutttthttlvthultr
921 5419 1260 5555 ⁰⁰⁰ltal0llall5l1·
1704 5553 1710 5566 ,

77 5543 223 5614 tesauro
274 5559 354 5630 'eope
368 5574 417 5617 nso
439 5575 492 5615 erre
507 5563 670 5632 conparuit.
689 5561 782 5618 Olina
802 5563 873 5618 enim
957 5491 1035 5635 illi)
1053 5561 1118 5617 llaec
1133 5578 1167 5617 ex
1184 5565 1265 5634 parta
1281 5561 1365 5618 Badra
1380 5560 1409 5616 iu
1426 5557 1499 5614 libro
1514 5557 1555 5614 Ile
1570 5573 1619 5613 sex
1633 5557 1727 5613 etati·

74 5574 874 5714 thrucdneffimpracessitCarnuntiainnaistmttlsc·
920 5630 1260 5714 buamundidobet,qui
1273 5629 1726 5692 Claudiiauuumluissenonum
1809 5673 1812 5680 .

72 5695 155 5758 ”turm
187 5717 305 5776 numque
333 5717 380 5777 qur
406 5701 564 5762 alexandro
593 5706 726 5776 messuit,
750 5705 873 5779 puniam
921 5703 1031 5762 scribit.

195 5271 267 5330 Cum
281 5273 326 5329 his
349 5274 428 5334 conl.
455 5275 580 5348 septima
609 5292 697 5348 quam
719 5280 821 5334 auctor
841 5277 871 5334 iu
919 5280 1008 5342 aiensi
1025 5277 1124 5348 synodo
1141 5278 1274 5348 interfuit,
1291 5277 1338 5331 ubi
1350 5275 1474 5350 Epirota
1481 5273 1597 5348 ejusden
1611 5269 1727 5326 ciuitatis
