3952 6176
124 405 167 468 prs
621 393 791 456 ,merom
802 387 1222 454 latrunculus-ualli.
1689 396 1756 456 'rto

126 515 770 596 ,intemptataelignisaccensasque,jaoientea
785 515 945 589 desuperA
958 515 1095 582 exsolves,
1115 517 1144 570 et
1159 513 1212 570 tibi
1237 512 1359 588 pacique
1381 513 1521 572 consules.
1538 533 1553 566 n
1570 513 1633 574 lion
1657 512 1761 572 leieltit

127 617 238 684 etopers
250 606 418 674 exurebant,
442 609 472 662 et
487 604 619 662 inimicos
642 621 756 662 accesm
770 603 904 675 prohibe·
957 602 1073 658 animus
1084 602 1285 658 Gundoaldum
1296 619 1327 658 se
1340 619 1357 658 a
1368 602 1525 660 llumxuolo
1535 602 1571 659 iri
1585 603 1758 676 deceptum

126 701 191 756 bant.
207 692 762 768 Gonnmptoqueinhoccertaminedie‚
772 691 907 748 incrasti-
957 691 1041 762 eique
1054 691 1110 746 hoc
1133 689 1259 748 reddidit
1273 705 1446 762 responsum
1461 709 1469 748 :
1487 693 1588 764 «Ego,
1612 691 1758 765 inquiens,

126 803 182 844 uum
195 784 239 857 qui
254 783 429 840 obsederant
448 780 526 836 aliud
538 779 663 837 nocendi
678 796 769 852 genus
792 778 904 852 excogi-
955 779 1022 836 licet
1036 778 1140 836 invitus
1153 779 1205 836 hus
1216 780 1279 851 jam
1304 779 1481 838 deseruerim
1502 783 1598 855 partes
1623 780 1761 854 vobisque

26 909 27 918 .
126 877 185 930 tant.
197 871 331 944 lienique,
347 887 380 926 ex
394 869 482 942 virgis
496 868 643 940 ramisque
661 868 798 928 arborum
814 883 905 924 unum
955 865 1161 938 impulsoribus
1168 867 1315 941 Europam
1326 868 1545 936 adierim,bona
1554 872 1654 926 tanmn
1662 869 1762 926 voluu-

124 962 241 1018 iacientes
255 958 337 1014 mirre
351 957 561 1030 magnitudinis
572 956 691 1025 fascem,
702 957 859 1028 cupiebant
871 971 904 1010 eo
955 957 1015 1012 tate
1025 957 1112 1028 atque
1127 955 1242 1028 integra
1256 956 1314 1012 lide
1325 971 1443 1030 semper
1456 959 1564 1014 vestras
1578 956 1635 1014 lovi
1652 959 1760 1028 partes,

26 1073 27 1096 1
123 1050 226 1122 inplere
239 1047 354 1102 vallem.
368 1046 475 1100 Verum
496 1045 646 1101 conatibus
672 1060 784 1112 eorum,
798 1047 905 1114 etpro·
955 1060 1010 1100 nec
1024 1059 1104 1100 meas
1129 1044 1266 1102 utilitates
1293 1045 1392 1102 vestris
1404 1046 1519 1117 pretuli
1541 1045 1714 1102 commodis.
1727 1046 1762 1102 Et

121 1135 228 1192 surditas
240 1134 330 1202 vallis,
345 1136 375 1190 et
387 1133 472 1205 ignis,
491 1134 528 1190 ah
544 1131 714 1188 adversariis
730 1132 765 1187 de
776 1130 904 1203 superio·
956 1131 1087 1205 quamvis
1099 1132 1171 1204 ejus,
1185 1131 1234 1205 qui
1249 1148 1297 1188 me
1313 1134 1368 1190 huc
1383 1133 1500 1205 pellexit
1516 1133 1624 1203 venire,
1640 1133 1762 1206 pertidia

122 1224 184 1280 rbus
197 1239 257 1280 cum
279 1221 423 1294 lapidibus
437 1221 551 1288 missus,
567 1220 681 1276 restitit.
712 1217 903 1291 teudegisilo,
955 1220 987 1275 in
1006 1220 1158 1292 propatulo
1170 1219 1317 1289 claruerit,
1334 1220 1445 1278 dumet
1459 1221 1763 1295 metugaxretiquitet

120 1309 309 1384 mntemplanti
323 1325 425 1366 omnes
435 1308 691 1366 actussuosirritos
706 1307 813 1376 lleri,in
825 1321 907 1364 meu·
955 1308 1157 1364 thesaurorum
1168 1311 1282 1381 partem
1297 1309 1372 1366 lurco
1381 1309 1762 1383 abstulit,uihilominusego

26 1395 27 1400 ’
120 1403 167 1454 tem
176 1399 247 1454 venit
271 1397 462 1471 opportunius
472 1397 534 1453 lore
547 1397 659 1454 clausos
673 1397 709 1452 de
735 1393 907 1468 proditionis
956 1412 1016 1464 vos,
1032 1396 1113 1469 quasi
1129 1411 1202 1454 meae
1226 1401 1359 1454 auctores
1382 1397 1493 1466 salutis,
1523 1400 1664 1471 perpetuo
1687 1399 1764 1454 colui

120 1490 214 1542 tentam
228 1485 384 1544 sententia.
402 1487 583 1542 Advocatum
599 1484 696 1558 itaque
717 1484 907 1541 hlummolum
958 1500 990 1540 ac
1000 1484 1030 1540 in
1043 1485 1167 1542 lratrum
1183 1486 1246 1543 loco
1262 1485 1441 1543 dilexi.Nunc
1450 1485 1550 1558 igitur,
1564 1486 1588 1542 si
1599 1486 1763 1559 secusquod

119 1575 201 1630 adsibi
214 1574 443 1647 colloquendum
460 1575 591 1630 incusare
608 1573 705 1646 caepit,
718 1589 768 1628 cur
783 1574 908 1628 clemen·
958 1576 1086 1643 oportet,
1102 1571 1249 1646 imoquod
1278 1574 1371 1643 decet,
1388 1575 1540 1630 adversum
1567 1590 1616 1630 me
1635 1574 1762 1647 egeritis,

119 1662 240 1718 tissimum
247 1679 352 1734 regern
358 1663 561 1718 Guntrannum
572 1660 741 1730 deseruerit,
753 1665 782 1718 et
791 1660 908 1733 iniquis-
958 1661 1118 1732 praesertim
1134 1677 1200 1716 cum
1211 1677 1265 1733 ego
1280 1678 1385 1736 corpus
1396 1662 1582 1736 animamque
1603 1679 1713 1736 meam,
1726 1663 1766 1718 si·

117 1749 311 1822 simotyranno
326 1751 507 1822 sejunxerit.
521 1770 538 1804 a
554 1750 629 1815 Quid
639 1765 727 1821 porro
750 1752 906 1822 exspectas,
959 1750 1020 1804 mul
1030 1764 1096 1804 cum
1107 1748 1271 1806 consilioec
1282 1749 1427 1821 opibus,in
1441 1751 1542 1806 vestris
1565 1749 1765 1807 constituerim

116 1839 148 1893 ait
158 1841 171 1892 7
183 1857 217 1896 an
230 1843 264 1894 ut
276 1842 362 1912 capta
377 1841 449 1896 urba
465 1839 716 1911 maledispereus‘i
731 1839 908 1911 Quinpotius
959 1835 1104 1904 manibus,
1117 1837 1261 1893 scrutator
1274 1836 1407 1894 cordium
1418 1837 1489 1894 illud
1502 1836 1634 1894 advertat
1647 1839 1733 1895 Deus.
1749 1860 1764 1888 u

115 1927 270 1998 resipiscens
278 1927 315 1983 ad
322 1928 483 2000 benignum
491 1930 635 1986 revertere
642 1927 907 1996 dominum,relicto
959 1923 1007 1978 llis
1017 1923 1109 1992 dictis,
1121 1941 1268 1980 assensum
1282 1924 1407 1997 prebuit
1420 1928 1452 1981 ut
1476 1942 1544 1982 eum
1555 1925 1596 1984 eis
1608 1926 1646 1982 ad
1667 1926 1766 1983 hostes

116 2013 155 2070 illo
171 2015 374 2087 nugacissimo,
396 2018 462 2086 post
476 2015 625 2089 paululum
640 2016 798 2088 puniendo.
810 2015 908 2070 »Tunc
958 2012 1156 2069 descenderet.
1170 2013 1326 2070 hlummolo
1341 2029 1409 2069 vero
1424 2016 1575 2082 monente,
1586 2029 1624 2068 ne
1639 2014 1764 2086 superbo

113 2101 273 2158 hummclus
286 2119 317 2158 se
331 2102 449 2174 quidem
460 2103 665 2160 consulturum
680 2102 839 2175 respondit.
856 2103 909 2158 Re·
959 2104 1044 2156 utens
1054 2099 1091 2156 ad
1102 2117 1152 2157 ees
1166 2099 1223 2157 iret
1233 2101 1351 2173 habitu,
1367 2101 1436 2174 quin
1449 2101 1545 2174 polius
1555 2101 1716 2158 reformato
1727 2101 1764 2169 ci,

26 2217 27 2240 ;
115 2205 211 2259 pessus
224 2206 296 2246 vero
312 2190 341 2245 in
357 2190 460 2248 urbem
470 2194 610 2248 convocat
622 2190 810 2263 Sagittarium
821 2193 908 2262 atque
960 2205 1047 2261 quem
1059 2189 1095 2245 ab
1110 2189 1173 2260 ipso
1199 2192 1360 2262 acceperat,
1386 2190 1482 2246 balteo
1499 2205 1569 2245 auro
1593 2188 1764 2260 labrclacto,

115 2275 293 2334 tt'addonem.
306 2277 451 2334 bladastes
468 2278 547 2334 enirn
564 2279 669 2334 timens
684 2282 800 2350 captum
813 2277 850 2332 iri
863 2293 910 2334 ur-
959 2275 1077 2350 proprio
1091 2275 1300 2349 accingeretur,
1312 2275 1361 2349 qui
1371 2275 1477 2350 fulgori
1487 2276 1766 2334 memoraticarebat

113 2363 180 2430 bem,
193 2364 300 2436 injecto
315 2365 414 2421 domui
430 2366 555 2422 ecclesiae
566 2367 645 2439 igne,
662 2368 731 2423 dum
746 2366 857 2422 caeteris
872 2367 909 2421 ad
960 2364 1080 2422 metalli.
1096 2365 1128 2419 ln
1143 2366 1208 2433 hoc,
1225 2364 1330 2438 inquit,
1344 2365 1463 2436 tuajam
1475 2364 1768 2436 patetlrcudulentia,

114 2453 345 2523 restinguendum
364 2459 556 2527 properarent
570 2454 748 2520 incendium,
762 2454 821 2526 ipse
833 2455 908 2510 clam
962 2452 1032 2507 dum
1043 2468 1078 2508 ea
1092 2468 1157 2524 qum
1166 2469 1199 2507 ex
1215 2456 1264 2508 tuo
1280 2452 1419 2524 usquead
1433 2451 1510 2508 istud
1521 2452 1637 2525 possedi
1652 2455 1767 2526 tempus

114 2539 221 2610 aulugit.
242 2541 406 2596 iunxerant
421 2542 649 2598 eutemlactioni
664 2559 722 2598 suaa
751 2541 908 2598 Cariutlurn
961 2539 1077 2612 repetis.
1091 2540 1268 2612 lltoquoque
1289 2542 1416 2612 negante
1438 2541 1497 2595 ulla
1520 2556 1550 2594 se
1576 2542 1678 2597 corrtra
1701 2556 1769 2596 eum

113 2625 320 2695 ejusdemurbis
331 2627 748 2701 civem,cujusapethecis‚quaa
758 2630 909 2702 permultae
962 2643 1097 2682 ursarum
1121 2627 1235 2694 fraude,
1260 2631 1379 2684 uentum
1398 2631 1440 2684 est
1456 2629 1493 2684 ad
1507 2631 1634 2701 portam,
1650 2629 1697 2684 ubi
1720 2647 1770 2684 eos

115 2717 196 2781 eraut,
213 2715 266 2785 ipsi
281 2714 445 2770 alebantur.
469 2717 550 2772 llunc
562 2733 631 2789 ergo
645 2717 828 2774 ltummotius
842 2733 908 2772 cum
961 2714 1109 2772 fortissimi
1123 2716 1347 2788 opperiebantur
1356 2716 1586 2773 aduersariorum
1595 2717 1766 2786 duces,Boso

112 2801 245 2870 predictis
265 2801 350 2858 adiit.
368 2803 500 2858 Ostendit
525 2803 630 2860 deinde
646 2821 734 2878 quarn
745 2804 845 2879 iniquo
863 2821 909 2862 res
962 2803 1097 2864 videlicet
1110 2820 1177 2860 cum
1193 2805 1314 2860 Boltone
1328 2805 1490 2877 Biturigum
1506 2805 1624 2872 comite,
1638 2821 1698 2862 non
1712 2806 1768 2862 mi·

109 2903 158 2943 sua
168 2889 224 2946 sint
237 2890 404 2948 constitutae
418 2891 492 2959 loco,
502 2908 648 2965 quamque
661 2893 756 2950 odiosi
769 2893 823 2965 ipsi
839 2909 908 2950 cun·
964 2890 1045 2947 nima
1059 2890 1216 2946 satellitum
1232 2891 1329 2947 vallati
1342 2895 1468 2950 caterva.

112 2975 156 3030 ctis
170 2977 261 3034 effecti
277 2978 339 3033 sint
361 2978 507 3050 gentibus,
522 2979 591 3034 dum
607 2980 709 3036 incerti
723 2981 838 3053 generis
848 2981 911 3053 rogi
1000 2977 1109 3043 Quibus
1125 2978 1328 3034 Gundoeldum
1356 2978 1573 3052 excipientibus,
1598 2967 1770 3036 ltummolus

112 3062 206 3120 lavent.
224 3067 268 3122 ld
285 3069 450 3122 extremum
458 3069 593 3124 hortatur
602 3068 707 3124 cedant
720 3069 806 3124 rebus
814 3068 950 3160 adver-c
966 3067 995 3123 in
1007 3066 1110 3121 urbem
1125 3082 1282 3140 regressus,
1300 3070 1398 3140 portes
1421 3066 1588 3122 firmissime
1610 3067 1764 3124 obseravit.

112 3154 912 3223 samseliuentibuset,sisibisaeramentosecuritasviler
966 3156 1094 3212 Cernens
1108 3154 1294 3211 Gundoaldus
1322 3171 1382 3210 sea
1405 3155 1463 3210 suis
1486 3155 1669 3224 derelictum,
1692 3159 1722 3212 et
1734 3156 1770 3213 ab

113 3253 141 3292 ac
153 3241 248 3296 salutis
261 3242 360 3307 detur,
377 3242 522 3298 civitatem
532 3243 715 3317 jamjamque
737 3244 912 3317 capiendam
962 3243 1532 3318 hostibuscircumdatum,iutroitumque
1543 3243 1682 3300 urbissibi
1690 3259 1769 3316 prar-

112 3341 168 3382 cum
196 3329 382 3401 pseudorege
397 3329 525 3386 hostibus
550 3331 668 3387 dedant.
683 3333 912 3389 Assentientihus
963 3333 1085 3400 clusum,
1100 3347 1203 3391 manus
1214 3332 1328 3388 elevans
1344 3331 1381 3387 ad
1395 3332 1511 3402 coetum,
1532 3348 1598 3388 cum
1610 3331 1706 3388 cordis
1720 3348 1768 3405 ge·

114 3415 192 3484 sociis,
207 3419 391 3473 memoratus
399 3418 456 3474 dux
465 3419 676 3491 teudegisilum
684 3419 806 3476 mandat
813 3421 911 3476 venire
962 3419 1038 3476 mitu
1053 3419 1092 3476 sio
1105 3421 1208 3477 orabat
1227 3421 1263 3478 ad
1278 3420 1449 3478 Dominum:
1463 3443 1476 3471 a
1487 3420 1577 3476 ludex
1601 3422 1709 3476 aeterua
1735 3435 1769 3477 ec

111 3501 142 3556 ad
155 3504 345 3578 colloquium,
358 3507 388 3560 et
401 3521 465 3578 quea
480 3506 533 3562 sibi
544 3523 611 3563 oum
623 3507 769 3564 sodalibus
781 3509 910 3582 compla-
962 3509 1039 3564 ultor
1051 3507 1261 3578 innocentium,
1276 3508 1409 3578 Deus,oui
1421 3525 1509 3564 omne
1521 3511 1601 3581 patet
1614 3510 1768 3580 secretum,

110 3590 212 3646 ruerint
226 3593 361 3664 exponit.
378 3593 489 3650 Laudat
503 3593 551 3651 ille
566 3595 752 3664 sententiam,
763 3596 910 3668 jusjuran-
964 3597 1015 3671 qui
1031 3597 1137 3652 nultius
1146 3597 1330 3672 amplecteris
1351 3598 1462 3666 dolum,
1473 3593 1643 3654 neclaeteris
1662 3597 1771 3654 trandi-

112 3675 227 3752 dumque
237 3680 355 3752 praebet
369 3697 399 3737 se
413 3681 490 3754 apud
500 3698 602 3755 regem
616 3700 701 3739 suum
712 3699 813 3740 eorum
822 3685 911 3741 vitam
964 3685 1017 3740 hus
1031 3685 1330 3758 malignantium,esto
1339 3685 1420 3742 velox
1428 3685 1532 3742 vindex
1542 3702 1676 3742 mearum
1687 3685 1771 3742 mise-

110 3762 353 3839 iriimpetratum.
368 3769 487 3833 Quodsi
503 3771 642 3844 principis
664 3773 797 3828 voluutas
816 3771 847 3827 iu
861 3789 912 3828 sua
964 3772 1259 3846 riarum,retorquens
1267 3773 1296 3827 iu
1305 3788 1355 3828 eos
1368 3772 1416 3845 qui
1427 3772 1664 3829 matradiderunt
1673 3773 1770 3830 mimi·

112 3853 249 3913 duraverit
278 3857 452 3932 pertinacia,
477 3858 506 3914 in
522 3860 650 3930 qualibet
664 3859 729 3916 illos
741 3876 770 3914 se
790 3861 914 3932 spondet
966 3860 1006 3916 cis
1019 3859 1486 3932 deceptionisipsorumlaqueum.
1500 3881 1514 3910 a
1531 3861 1770 3930 Posthoecverba,

111 3941 247 4002 damuros
262 3946 397 4016 ecclesia,
417 3946 510 4002 donec
522 3947 682 4006 Guutranui
705 3947 914 4006 defervesceret
966 3948 1139 4021 consignans
1157 3963 1187 4002 se
1203 3963 1286 4003 eruce
1296 3946 1670 4021 Dominica,cumhisquise
1685 3965 1770 4023 cepe-

110 4029 156 4088 ira.
966 4038 1032 4093 rant
1043 4037 1122 4092 abire
1147 4035 1282 4109 coepitad
1299 4052 1403 4093 corum
1419 4039 1520 4092 castra.
1549 4035 1684 4092 Nondum
1711 4037 1770 4092 ool·

139 4121 193 4179 ilac
207 4124 387 4180 ltummolus
405 4123 537 4180 seductus
560 4123 693 4193 versutia,
709 4125 911 4182 (landoaldum
965 4126 1035 4194 lem,
1052 4125 1098 4182 cui
1113 4124 1210 4180 civitas
1226 4124 1566 4199 imminet,praelerieret,
1581 4127 1611 4180 et
1630 4125 1771 4200 impulsus

111 4207 153 4263 tali
166 4210 336 4268 identidem
364 4211 550 4268 circumvenit
577 4211 737 4284 muscipula
753 4229 760 4268 ι
777 4233 793 4266 a
804 4215 912 4281 Prono,
965 4231 983 4270 a
997 4214 1115 4270 bollone
1123 4213 1180 4269 ruit
1193 4212 1223 4268 in
1231 4212 1335 4268 faciem
1344 4211 1585 4286 ferebaturquein
1591 4213 1770 4288 protundum

110 4291 203 4369 inpura,
221 4301 329 4357 animo
354 4299 513 4372 devotaque
530 4301 629 4354 mente
655 4315 703 4355 me
717 4300 769 4356 tibi
795 4301 913 4358 fidelem
964 4301 1055 4358 vallis.
1070 4301 1199 4374 Cumque
1208 4301 1410 4357 surrexissatet
1423 4304 1524 4356 contra
1532 4301 1772 4360 adversummon-

111 4383 174 4455 lore,
187 4405 248 4446 non
261 4390 361 4445 solum
374 4391 476 4444 contra
488 4388 669 4461 hostespugn
678 4389 914 4459 andosedetiam
967 4394 1026 4446 tem
1039 4390 1191 4458 niteretur,
1204 4408 1223 4446 a
1239 4391 1350 4446 Bosone
1363 4389 1459 4464 lapide
1473 4407 1623 4464 percussus
1638 4391 1771 4467 incapite

112 4470 163 4544 ipse
172 4479 306 4552 probasti
318 4477 503 4550 experiendo,
520 4477 594 4532 Nam
618 4495 707 4550 quum
742 4495 818 4551 sepe
841 4478 916 4534 meis
968 4479 1094 4536 concidit
1107 4478 1298 4552 spiritumque
1322 4479 1474 4537 exhalavit.
1490 4479 1560 4536 lnde
1578 4467 1648 4538 fune
1674 4481 1771 4556 ligatis

111 4573 168 4616 usus
192 4562 335 4632 consiliis,
371 4562 552 4638 semparlrui
570 4577 611 4618 os
630 4583 668 4620 sis
676 4567 832 4640 prosperis,
856 4569 916 4623 tuta
969 4568 1272 4641 pedibusprolractua,
1287 4567 1772 4642 loricaquequaamiciebaturexu·

112 4652 282 4714 meliusscis,
297 4651 633 4726 Nuncquoqueorpmihi
658 4658 791 4712 memnet
816 4672 918 4714 cousu-
967 4659 1022 4723 tus,
1040 4672 1073 4712 ac
1087 4654 1194 4712 lanceis
1206 4655 1346 4726 confixus,
1362 4671 1414 4730 per
1434 4660 1527 4714 totum
1547 4657 1771 4716 circumducitur

111 4735 179 4796 leodi
193 4743 330 4810 allectus,
342 4742 543 4799 sicuttubene
564 4759 594 4798 cs
608 4743 738 4800 meritus.
757 4744 822 4801 ldeo
832 4745 915 4800 deni·
966 4744 1135 4801 exercitum.
1151 4745 1334 4814 Mummolus,
1364 4761 1434 4800 sane
1458 4745 1606 4802 thesauros
1632 4745 1770 4821 diripiens

113 4831 730 4898 quecumadvsrsariissesermeomhahuit
756 4834 788 4888 ut
813 4849 914 4890 eorum
966 4834 1124 4901 universos,
1139 4834 1169 4890 in
1196 4833 1313 4888 diversis
1337 4834 1461 4890 occuluit
1473 4835 1553 4904 locis,
1577 4835 1701 4909 dataque
1725 4853 1769 4894 se·

111 4929 171 4988 erga
198 4937 254 4976 nos
280 4919 523 4992 persentiscerem
538 4919 602 4992 quis
622 4919 658 4975 sit
672 4920 778 4976 nimus.
795 4920 859 4991 Qui,
883 4924 913 4978 in
965 4921 1080 4994 quentis
1104 4922 1168 4978 luco
1192 4920 1259 4989 diei,
1275 4921 1406 4978 hostibus
1431 4924 1529 4994 portas
1543 4925 1655 4998 aperuit
1680 4925 1768 4982 urbis.

111 5009 244 5074 mantum
258 5008 443 5081 perpendere
454 5006 541 5080 quivi,
551 5011 607 5064 tusa
617 5024 802 5082 nequaquam
816 5009 914 5066 adver·
965 5009 1018 5076 Qui
1029 5011 1058 5066 in
1069 5010 1275 5066 tontamcredis
1288 5027 1417 5067 exarsere
1428 5011 1572 5069 insaniam
1583 5017 1614 5069 ut
1624 5011 1712 5072 ctiam
1723 5031 1769 5070 sa·

110 5097 201 5152 anns
229 5097 361 5154 utilitati.
375 5099 437 5153 lmo
452 5094 553 5151 mirari
567 5113 597 5152 se
619 5097 738 5154 aiuntte
762 5102 913 5172 tantopere
964 5099 1262 5157 cerdotesDominiad
1273 5098 1766 5176 ipsujugularentaltaria,reliquos-

111 5185 292 5250 presentiam
309 5185 404 5242 fratris
415 5184 518 5250 vitare,
535 5187 744 5256 autumareque
757 5185 835 5258 qued
862 5203 913 5259 ge·
964 5188 1204 5263 quantulumcum
1215 5187 1767 5260 ipsaconcremarenturchuorumdux

112 5273 267 5346 ueaotogise
280 5273 400 5346 ignams
412 5278 469 5330 tuse
484 5289 549 5328 cum
562 5272 657 5329 sciolis
673 5273 806 5346 diffugias
821 5274 914 5347 dispu-
966 5276 1150 5350 Leudogislus
1165 5277 1240 5332 clam
1254 5276 1291 5332 ad
1305 5277 1467 5351 prinoipem
1479 5267 1765 5336 Guntranuum‘nun-

112 5359 185 5430 tare;
200 5379 256 5418 uec
271 5362 355 5418 fratri
371 5366 428 5419 tuae
439 5361 548 5435 cupido
561 5361 677 5418 visionis
693 5362 912 5434 agnoscendum
964 5367 1019 5423 tios
1037 5366 1166 5436 miserat,
1176 5382 1262 5438 super
1272 5366 1427 5423 traditores
1441 5366 1560 5425 civitatis
1570 5367 1630 5439 ejus
1645 5367 1765 5443 exquisi-

113 5446 367 5522 tcpraesenture.8i
381 5469 451 5526 ergo
462 5467 545 5508 nunc
564 5451 616 5508 tibi
626 5467 673 5508 me
686 5453 845 5510 auscultare
861 5455 910 5527 pla
962 5459 1041 5512 turos
1052 5455 1153 5529 judicii
1168 5455 1354 5513 sententiam.
1376 5455 1425 5512 llle
1433 5459 1549 5536 cunctos
1560 5456 1657 5531 gladio
1666 5455 1762 5530 puniri

113 5537 198 5596 cuerit
220 5543 315 5613 atque
339 5541 376 5598 ad
388 5540 464 5614 regis
477 5540 638 5598 Guntranui
655 5542 841 5614 praeentiam
851 5527 930 5600 una'
961 5543 1108 5620 praecepit,
1125 5566 1140 5597 a
1151 5546 1182 5601 ut
1193 5543 1358 5618 hap'usmodi
1371 5561 1455 5602 ausus
1465 5544 1500 5602 de
1514 5547 1762 5620 regnototleretur

114 5628 231 5689 cumbis
246 5631 734 5705 mecumqueproperare,ettabac
748 5631 910 5712 susspicione
956 5635 1148 5714 Francorum,
1172 5634 1588 5714 nequisseilicettyrannisin
1613 5634 1760 5714 reliquum

252 5729 374 5790 Panos..
389 5728 517 5793 CXXXIX·
1525 5731 1563 5810 pt
