3952 6176
171 370 223 428 333
777 361 918 429 ΙΟᾸΝΝ18
938 361 1080 430 obeunt
1099 361 1222 430 versu
1776 378 1827 438 eut

172 485 1015 564 solidosquoseidemobbangobardorumdetrimentumA
1030 493 1147 550 veniens
1155 495 1191 550 de
1204 487 1526 565 RavennainGradum,
1535 495 1785 570 persemetipsum
1797 515 1831 556 ex

173 579 293 636 dederat
303 583 434 650 repetere
444 578 535 651 copit;
548 578 666 647 sedille,
683 595 800 634 suarum
814 579 915 636 virium
926 597 977 653 po·
1029 581 1148 639 basilica
1164 583 1332 646 extrahens,
1348 584 1517 640 Ravennam
1529 583 1608 641 duxit
1621 603 1688 642 cum
1703 586 1766 643 aliis
1779 587 1832 642 tri·

171 669 264 724 tentia
278 668 378 737 iratus,
394 684 447 740 pro
467 668 521 723 hac
538 684 570 723 re
592 684 645 723 uec
665 683 836 741 responsum
857 669 978 724 reddere
1028 670 1081 726 bus
1092 688 1126 727 cx
1139 671 1252 744 llystria
1264 671 1792 744 episcopis,idestloanneFauentino
1804 680 1835 732 et

173 757 272 814 voluit.
1029 759 1630 834 SereroatqueVendemio,necnonetiarn
1640 761 1834 834 Antoniojam

208 847 244 918 (c.
256 845 313 919 20.)
326 847 454 920 Denique
462 851 525 920 post
534 846 722 904 Benedictum
733 863 840 920 papam
847 848 979 920 Pelagius
1028 865 1096 905 sene
1110 849 1236 905 ecclesie
1251 849 1413 906 defensore.
1431 849 1538 916 Quibus
1550 850 1733 906 comminans
1748 851 1835 909 exilia

173 936 311 991 Romanae
321 935 445 991 ecclesie
456 935 978 1009 pontilexabsquejussioueprincipis
1028 942 1114 1010 atque
1130 938 1296 994 violentiam
1310 937 1448 1006 infereus,
1465 939 1680 995 communicare
1692 940 1837 1013 compulit

174 1024 323 1080 ordinatus
333 1028 422 1091 est,co
437 1024 512 1096 quod
528 1023 712 1096 Langobardi
725 1025 849 1081 Romam
861 1041 913 1097 per
922 1025 976 1080 cir·
1026 1026 1130 1082 loanni
1143 1025 1300 1082 Rauennati
1312 1026 1445 1099 episcopo
1452 1026 1540 1083 trium
1549 1027 1742 1099 capitulorum
1753 1028 1837 1084 dam·

173 1113 281 1168 ceritum
298 1113 475 1180 obsiderent,
491 1129 544 1168 nec
561 1115 657 1185 posset
676 1112 828 1185 quisquam
849 1131 866 1168 a
885 1113 978 1169 Rome
1027 1114 1133 1181 natori,
1147 1114 1196 1187 qui
1211 1118 1343 1186 tempore
1359 1131 1442 1187 papae
1456 1115 1551 1187 vigilii
1565 1117 1609 1172 vel
1621 1115 1730 1188 Pelagii
1745 1133 1763 1171 a
1776 1117 1837 1173 lio-

173 1200 378 1276 progredi.llic
390 1200 523 1273 Pelagius
535 1201 820 1274 llelyeAquilegensi
831 1202 976 1276 episcopo,
1027 1221 1123 1261 mane
1144 1205 1270 1261 ecclesiae
1288 1203 1465 1261 describerat
1479 1214 1501 1249 1‘
1521 1206 1667 1263 societate.
1690 1208 1836 1281 Exempto

173 1289 976 1364 nolentitriaeapitulaCalcedoncnsissynodisusciperc,
1026 1310 1094 1350 vero
1116 1309 1237 1362 anno,e
1262 1294 1399 1350 Ravenna
1420 1294 1458 1350 ad
1476 1294 1604 1350 Gradum
1627 1295 1734 1351 reuersi
1754 1299 1838 1363 sunt,

173 1379 326 1453 epistolum
342 1379 410 1434 satis
423 1378 523 1433 utilem
538 1378 631 1448 misit,
652 1395 741 1452 quam
754 1379 855 1436 heatus
869 1380 976 1452 Grego·
1028 1383 1131 1456 quibus
1150 1397 1203 1437 uec
1223 1382 1305 1454 plebs
1324 1383 1539 1439 communicare
1554 1383 1655 1453 voluit,
1671 1399 1725 1439 nec
1744 1383 1841 1439 ceteri

172 1467 231 1522 rius
245 1483 310 1522 curn
327 1467 401 1521 esset
416 1466 508 1522 adbuc
522 1466 660 1523 diaconus
673 1469 852 1539 conscripsit.
1028 1469 1154 1543 episcopi
1168 1485 1217 1526 eos
1231 1474 1413 1541 receperunt.
1425 1469 1600 1543 Smaragdos
1612 1470 1749 1544 petricius
1759 1487 1777 1526 a
1788 1471 1841 1526 de-

208 1556 245 1627 (c.
262 1555 318 1628 23.)
333 1555 415 1610 Circa
426 1555 481 1611 hoc
495 1554 560 1626 luit,
573 1559 604 1611 ut
618 1555 714 1613 diluvii
729 1557 868 1614 allusione
876 1559 905 1615 iu
919 1562 980 1615 tau·
1028 1558 1842 1631 moniouoninjustecorreptus,succassoremllomanum

173 1647 236 1700 tum
252 1642 329 1716 apud
345 1644 447 1699 urbem
460 1645 584 1700 Romam
598 1646 700 1702 fluvius
713 1647 830 1720 'sybaris
842 1647 977 1716 excrevit,
1029 1647 1182 1719 patricium
1203 1646 1360 1720 accipiens,
1376 1648 1664 1721 Constantinopolym
1683 1649 1843 1706 resumsit.

172 1735 291 1805 utaque
298 1732 554 1805 ejussupermuros
560 1734 979 1792 urbisiulluerentetmaximas
1033 1737 1101 1792 Post
1114 1737 1175 1793 hoec
1192 1736 1269 1794 lacta
1282 1740 1326 1793 est
1337 1737 1463 1810 synodus
1473 1736 1573 1793 decem
1588 1737 1795 1809 cpiscoporum
1810 1737 1845 1793 in

172 1819 203 1875 in
214 1821 387 1892 caragioues
396 1823 660 1895 occuparentl'unc
666 1840 719 1898 per
728 1819 1016 1897 alveumejusdemB
1031 1824 1168 1882 ueneno.
1194 1825 1248 1882 Ubi
1277 1827 1449 1897 receperunt
1480 1824 1618 1881 Severum
1641 1825 1847 1898 patriarcham

175 1908 305 1966 lluminis
317 1927 383 1965 cum
400 1911 492 1966 multa
506 1911 684 1985 serpentium
695 1912 979 1969 multitudinedreco
1029 1912 1253 1986 Aquilegeusem
1273 1913 1392 1970 dantem
1418 1913 1546 1969 libellum
1571 1914 1678 1969 erroris
1694 1913 1750 1982 sui,
1771 1915 1849 1988 quia

173 1998 261 2055 etiam
273 2015 355 2071 aquae
361 1999 623 2074 magnitudineper
631 2001 734 2058 urbem
742 2002 885 2058 transiens
891 2019 980 2074 usque
1029 2002 1119 2057 trium
1135 2001 1327 2073 capitulorum
1341 2001 1559 2058 damnatoribus
1573 2001 1851 2059 communicaverat

178 2085 662 2146 admaretranscendit.Subsecuta
673 2092 716 2146 est
723 2090 821 2146 statim
831 2094 897 2164 post
907 2092 981 2146 hanc
1031 2090 1320 2146 Ravenuae.Nomiua
1331 2107 1399 2146 uero
1413 2089 1614 2164 episcoporum
1627 2091 1676 2163 qui
1689 2107 1719 2148 se
1731 2091 1771 2147 ab
1788 2091 1851 2148 boc

174 2174 394 2232 inundationem
408 2177 576 2250 gravissima
589 2178 763 2250 pestilentia,
778 2196 865 2252 quam
880 2179 976 2250 ingui·
1031 2178 1164 2234 scismate
1177 2177 1379 2248 cohibuerunt,
1394 2179 1449 2234 hee
1465 2183 1555 2236 sunt:
1576 2181 1675 2236 Petrus
1687 2178 1725 2236 de
1736 2179 1848 2236 Altino

174 2265 982 2340 nariamappellant.0uaetantastragepopulidevastavit
1032 2266 1217 2336 clarissimus,
1231 2267 1408 2340 ingenuinus
1424 2267 1459 2324 de
1475 2266 1610 2337 Sabiona,
1623 2269 1762 2341 ngnstlus
1777 2269 1853 2326 Tri-

175 2355 290 2422 urbem,
301 2358 333 2410 ut
346 2355 381 2410 de
393 2355 583 2412 inextimabili
594 2357 779 2413 multitudiue
789 2358 832 2413 vix
843 2357 925 2430 pauci
935 2374 981 2414 re·
1032 2355 1179 2423 dontinus,
1195 2355 1487 2424 luniorVeronensis‚
1495 2355 1651 2412 llorontius
1660 2356 1851 2422 Vicentinus,

174 2446 339 2499 manerent.
351 2443 696 2517 PrimumquePelagium
706 2447 924 2520 papam,virum
934 2463 981 2502 ve·
1032 2445 1162 2501 Rusticus
1178 2444 1214 2500 de
1226 2443 1364 2512 Tarvisie,
1383 2445 1518 2500 Fonteius
1533 2444 1685 2514 Feltrinus,
1700 2446 1854 2518 Aguellus

175 2532 347 2600 nerabilem,
361 2533 484 2605 perculit
501 2537 530 2590 et
546 2534 608 2590 siue
625 2551 708 2591 mora
728 2536 857 2591 extinxit.
874 2536 982 2592 lteinde
1032 2534 1069 2590 dc
1083 2533 1174 2602 Acilo,
1193 2532 1362 2588 laurentius
1377 2532 1565 2589 bellunensis.
1580 2533 1651 2589 Cum
1674 2534 1855 2607 patriarcba

175 2624 290 2695 pastore
303 2621 482 2695 interempto
496 2641 558 2679 sese
572 2640 624 2696 per
637 2626 760 2698 populos
772 2626 910 2682 extendit.
1033 2625 1131 2678 autem
1145 2620 1489 2678 communicaveruntisti
1499 2620 1641 2696 episcopi:
1653 2619 1781 2678 Severus
1790 2624 1856 2678 Pa·

211 2711 248 2785 (c.
262 2712 295 2767 at
308 2711 358 2784 )ln
372 2712 425 2768 hac
437 2715 518 2768 tanta
529 2713 713 2770 tribulatione
724 2714 904 2771 beatissimus
913 2714 981 2771 Gre-
1032 2710 1301 2779 rentinus,loannes
1311 2709 1458 2788 patricius,
1474 2709 1648 2766 vendemius
1661 2711 1691 2766 et
1700 2709 1856 2769 loannes.

175 2798 284 2873 gorius,
300 2800 349 2874 qui
366 2803 435 2856 tuuc
453 2801 539 2858 levita
558 2804 630 2870 erat,
647 2819 664 2858 a
680 2803 789 2859 cunctis
808 2803 982 2876 generaliter
1068 2799 1164 2873 (Pseu.
1182 2800 1215 2855 b.
1230 2815 1266 2857 rr.
1279 2799 1321 2870 l.)
1336 2799 1395 2853 lloo
1412 2813 1490 2854 anuo
1503 2797 1558 2854 luit
1571 2797 1659 2870 pestis
1672 2797 1857 2870 inguinaria

175 2888 982 2966 pupaelectusest.Quidumseptilormemletaniamlieri
1032 2887 1856 2964 iterumapudltarenuaru,Gradusetllystriamnimium

176 2976 348 3046 ordinasset,
359 2977 436 3034 intra
445 2978 529 3035 unius
539 2981 610 3037 bore
624 2980 763 3054 spacium,
772 2980 879 3038 dumhi
888 2981 981 3038 Deum
1032 2979 1136 3051 gravis,
1152 2979 1225 3035 sicut
1236 2982 1265 3035 et
1279 2979 1358 3051 prius
1373 2980 1440 3032 ante
1455 2977 1576 3051 triginta
1590 2994 1682 3034 aunos
1693 2977 1856 3036 extiterat.

177 3063 414 3140 deprecarentur,
430 3069 579 3142 octoginta
593 3087 626 3126 ex
644 3069 684 3126 eis
706 3070 799 3126 subito
817 3071 854 3126 ad
873 3074 983 3127 terram
1034 3066 1071 3140 (c.
1080 3070 1135 3138 ab.)
1149 3068 1241 3142 Igitur
1253 3067 1403 3126 Mauricius
1417 3070 1565 3140 augustus,
1578 3069 1733 3140 postquam
1744 3072 1859 3125 unoet
1970 3141 1971 3144 Ἴ

194 3159 346 3212 erruentes
361 3157 495 3230 spiritum
511 3161 671 3235 exalarunt.
689 3159 872 3231 Septilormis
884 3164 982 3218 autem
998 3155 1135 3228 Crigiuti
1149 3157 1232 3212 aunis
1240 3157 1314 3213 rexit
1327 3156 1483 3228 imperium
1493 3172 1560 3211 cum
1567 3155 1631 3211 liliis
1638 3155 1813 3213 Theodosio
1825 3162 1858 3214 et

177 3244 286 3301 letania
302 3245 366 3301 ideo
380 3245 457 3302 dieta
470 3248 523 3314 est,
539 3247 607 3320 quia
621 3248 716 3304 omnis
731 3248 815 3305 Urbis
828 3251 951 3322 populus
967 3268 984 3307 a
1033 3244 1157 3318 Tyberio
1174 3249 1203 3301 el
1217 3245 1418 3312 Constantino,
1434 3262 1451 3300 a
1465 3245 1584 3312 Focale,
1600 3244 1649 3317 qui
1663 3243 1719 3298 fuit
1733 3248 1859 3303 strator

177 3334 263 3390 beato
277 3335 449 3407 Gregorioin
461 3337 709 3410 septempartibus
717 3337 921 3411 deprecaturus
932 3342 985 3396 Do·
1035 3334 1134 3391 Priscii
1149 3333 1272 3407 patricii,
1289 3333 1438 3390 occiditur.
1455 3333 1520 3389 Fuit
1533 3335 1632 3389 autem
1642 3331 1719 3388 utilis
1732 3333 1781 3388 rei
1796 3349 1857 3405 pu·

178 3421 292 3478 minum
305 3426 349 3478 est
363 3423 480 3479 divisus.
490 3424 522 3478 ln
533 3425 716 3498 primoenim
728 3427 816 3484 choro
828 3427 882 3484 luit
892 3427 986 3484 omnis
1036 3423 1119 3492 blice,
1140 3440 1209 3480 nem
1228 3439 1295 3496 sepe
1310 3426 1412 3478 contra
1425 3423 1522 3478 hostes
1539 3421 1679 3478 dimicans
1689 3419 1860 3478 victoriam

178 3511 281 3578 clerus,
297 3511 326 3565 in
347 3511 473 3567 secundo
489 3528 593 3568 omnes
614 3514 733 3570 abbates
751 3531 816 3570 cum
836 3516 986 3572 monachis
1036 3511 1171 3568 obtinuit.
1188 3510 1284 3568 Hunni
1297 3511 1480 3584 quoque,qui
1492 3509 1859 3582 etAvaresuppellantur,

178 3597 629 3665 suis,iutertioomnesabbatisse
638 3617 703 3657 curu
712 3603 986 3675 congregationibus
1036 3601 1098 3673 ejus
1111 3599 1216 3656 virtute
1227 3599 1329 3656 devicti
1345 3600 1422 3655 sunt.

179 3684 248 3756 suis,
265 3686 295 3742 iu
313 3689 417 3760 quarto
440 3703 543 3744 omnes
562 3688 697 3758 inientes,
714 3689 744 3746 io
765 3691 867 3764 quinto
883 3708 986 3749 omues
1071 3694 1107 3756 (o.
1121 3690 1178 3752 33.)
1194 3687 1242 3744 llis
1262 3687 1363 3745 diebus
1386 3685 1523 3744 defuncto
1541 3686 1646 3744 Serere
1666 3687 1859 3760 patriarcha,

179 3773 256 3847 laici,
274 3775 304 3831 in
325 3778 404 3832 sexto
421 3775 553 3833 universe
568 3776 671 3847 uiduae,
686 3779 716 3835 iu
736 3779 859 3852 septimo
884 3797 986 3837 omnes
1036 3777 1188 3834 ordinatur
1200 3777 1229 3833 iu
1244 3777 1308 3832 loco
1323 3777 1385 3849 ejus
1395 3775 1521 3832 loannes
1532 3775 1621 3831 abbas
1633 3775 1810 3847 patriarcha
1826 3779 1858 3835 in

88 3931 95 3936 ,
179 3865 316 3920 mulieres
330 3866 503 3938 conjugatae.
513 3867 579 3923 ldeo
590 3871 688 3925 autem
697 3869 732 3924 de
748 3870 832 3927 beato
848 3871 985 3943 Gregorio
1034 3867 1189 3942 Aquilegia
1203 3869 1300 3922 vetere
1320 3881 1387 3922 cum
1410 3869 1553 3921 ceuoensu
1570 3865 1647 3938 regis
1665 3867 1694 3920 et
1713 3865 1859 3940 Gisulplri

178 3953 263 4026 plura
274 3953 582 4021 dicereommittimus,
593 3956 660 4029 quia
666 3956 805 4028 jamenta
814 3958 923 4032 aliquot
934 3976 985 4014 an·
1035 3957 1125 4014 ducis.
1141 3959 1173 4012 ln
1186 3954 1295 4011 Gradus
1307 3971 1423 4028 quoque
1437 3955 1587 4013 ordinatus
1609 3958 1652 4011 est
1665 3969 1683 4010 a
1702 3955 1859 4014 Romanis

179 4059 232 4099 nos
244 4042 305 4114 ejus
315 4044 405 4099 vitam
418 4019 644 4100 Deoauxiliante
652 4045 795 4101 texuimus
803 4046 871 4120 (38).
884 4050 916 4103 ln
929 4063 988 4120 qua
1034 4047 1193 4104 Marcianus
1208 4045 1327 4102 antistes
1339 4044 1404 4110 (43).

179 4149 245 4205 quse
259 4131 381 4189 dicenda
394 4131 526 4203 lucrant,
536 4133 620 4207 juxta
637 4133 786 4191 tenuitatis
801 4138 899 4192 nostre
913 4136 987 4193 vires
1071 4137 1109 4208 (c.
1125 4137 1182 4203 33.)
1197 4136 1289 4192 Focax
1306 4133 1405 4207 igitur,
1421 4135 1454 4190 ut
1469 4134 1642 4208 premissum
1662 4136 1717 4202 est,
1731 4135 1856 4194 extinto

179 4221 314 4277 universa
330 4222 544 4294 descripsimus.
1035 4225 1169 4283 Mauricio
1185 4225 1305 4299 ejusque
1319 4223 1395 4293 filiis,
1407 4225 1607 4281 Romanorum
1619 4229 1747 4298 reguum
1763 4224 1856 4284 inva-

214 4314 251 4378 (ο.
266 4313 323 4378 23.)
337 4311 393 4366 lloc
408 4315 540 4384 tempore
556 4312 634 4369 idern
649 4314 751 4371 beatus
765 4313 918 4388 Gregorius
932 4318 987 4372 Au·
1037 4315 1119 4384 deus,
1136 4330 1189 4390 per
1207 4317 1271 4371 octo
1286 4329 1432 4370 annorum
1444 4315 1587 4371 curricula
1597 4313 1780 4387 principatus
1795 4319 1854 4373 est.

178 4397 327 4471 guatinum
341 4401 370 4454 et
387 4399 525 4457 lleilitum
543 4404 573 4458 et
585 4402 727 4460 loannem
742 4421 808 4461 eum
822 4405 885 4462 aliis
897 4405 985 4477 pluri·
999 4405 1126 4482 Dilujus
1143 4404 1269 4461 secunde
1285 4421 1363 4461 anno
1387 4403 1545 4460 indictione
1569 4408 1670 4460 octava
1685 4403 1856 4476 Gregorius

177 4491 232 4544 bus
246 4489 397 4544 monachis
411 4490 580 4548 timentibus
592 4495 683 4550 Deum
693 4494 887 4551 iuBritaniam
896 4497 985 4559 misit,
1036 4511 1112 4568 papa
1121 4492 1300 4566 migravitad
1310 4493 1479 4550 Dominum.
1488 4491 1538 4548 llic
1548 4493 1855 4566 rogantepepaltoni·

178 4581 339 4649 eorumque
353 4577 561 4649 predicatione
577 4579 612 4636 ad
633 4581 778 4639 Christum
794 4585 903 4658 Anglos
917 4602 985 4643 con·
1036 4583 1111 4639 facio
1124 4581 1222 4638 statuit
1235 4581 1334 4638 sedern
1346 4583 1484 4638 Romanas
1496 4584 1526 4638 et
1537 4581 1701 4652 apostolice
1714 4583 1854 4641 eeclesiae

177 4665 275 4722 uertit.
1037 4674 1123 4745 caput
1135 4687 1196 4727 esse
1207 4671 1340 4727 omnium
1351 4671 1548 4742 ecelesiarum,
1559 4669 1628 4744 quie
1636 4671 1758 4726 ecclesie
1772 4672 1857 4728 Cou-

214 4753 251 4826 (c.
267 4754 325 4830 26.)
343 4756 390 4812 liis
407 4756 507 4813 diebus
524 4774 590 4814 cum
608 4764 704 4816 essent
717 4759 787 4816 anni
806 4761 841 4817 ab
857 4761 987 4819 incarne·
1036 4760 1295 4835 stantinopolitana
1314 4761 1440 4834 primam
1461 4777 1492 4817 se
1507 4759 1639 4817 emnium
1654 4761 1855 4819 ecclesiarum

179 4840 261 4898 tione
276 4845 392 4902 Domini
408 4847 619 4917 588,deluncto
633 4849 720 4924 llelya
731 4850 988 4924 patriarchabqui·
1037 4851 1191 4908 scribebat.
1206 4849 1287 4906 ldem
1301 4849 1357 4906 alio
1371 4866 1447 4922 papa
1460 4848 1607 4908 Bouilacio
1621 4850 1856 4922 petente,jussit

176 4931 299 5004 tagensi,
314 4937 468 5006 postquam
485 4939 517 4992 lb
532 4954 625 4995 annos
640 4938 834 4996 sacerdotium
847 4945 986 5012 gesserat,
1037 4939 1068 4996 in
1083 4939 1172 4996 veteri
1191 4939 1271 5008 fauo,
1286 4940 1364 5013 qued
1382 4941 1543 4996 Pantheum
1558 4941 1723 5009 vocabatur,
1740 4941 1855 4999 ablatis

176 5021 436 5094 sepultusestapud
445 5024 621 5083 Gradeusem
631 5028 858 5102 metropolimin
869 5029 988 5086 ecelesia
1037 5029 1177 5104 ydolatroe
1189 5028 1320 5085 sordibus
1333 5029 1483 5086 ecclesiam
1499 5030 1591 5086 beate
1603 5045 1778 5103 semperque
1792 5031 1855 5088 vir·

132 5121 137 5130 ·
180 5111 287 5166 sanctos
300 5111 440 5168 Eulemiae
456 5113 524 5188 (39.)
539 5114 630 5180 Quem
646 5117 824 5189 smaragdus
838 5117 986 5190 patricius,
1038 5119 1114 5192 ginis
1126 5117 1563 5176 llariaeetomuiummartirum
1575 5117 1854 5191 lieri,utubiqu0n-

834 5264 953 5322 vatilla*
980 5265 1181 5328 LEC'l'lONES.

211 5357 307 5418 ¹¹1.e.
324 5360 492 5420 desciuerat.

951 5519 1064 5582 ΝΟΜ.

224 5625 271 5700 33)
288 5627 393 5686 Paulus
403 5626 520 5699 scilicet,
537 5643 597 5685 uon
611 5627 748 5686 loaurras.
1062 5629 1120 5708 (ld)
1134 5628 1322 5693 candidianus
1335 5631 1445 5696 coteler
1460 5631 1573 5694 reete.

221 5699 267 5776 33)
284 5698 381 5761 Seueri
392 5698 568 5780 patriarche
580 5717 690 5762 nomen
705 5699 818 5759 excidit.
