<?xml version="1.0" encoding="UTF-8"?>
<!DOCTYPE html PUBLIC "-//W3C//DTD XHTML 1.0 Transitional//EN"
    "http://www.w3.org/TR/xhtml1/DTD/xhtml1-transitional.dtd">
<html xmlns="http://www.w3.org/1999/xhtml" xml:lang="en" lang="en">
 <head>
  <title>
</title>
<meta http-equiv="Content-Type" content="text/html;charset=utf-8" />
  <meta name='ocr-system' content='tesseract 3.04.00' />
  <meta name='ocr-capabilities' content='ocr_page ocr_carea ocr_par ocr_line ocrx_word'/>
</head>
<body>
  <div class='ocr_page' id='page_1' title='image "./patrologiaecurs96unkngoog_0187.png"; bbox 0 0 3882 6170; ppageno 0'>
   <div class='ocr_carea' id='block_1_1' title="bbox 128 511 1736 532">
    <p class='ocr_par' dir='ltr' id='par_1_1' title="bbox 128 511 1736 532">
     <span class='ocr_line' id='line_1_1' title="bbox 128 511 1736 532; baseline 0.004 -7"><span class='ocrx_word' id='word_1_1' title='bbox 128 511 1736 532; x_wconf 54' lang='lat' dir='ltr'><em>mmm</em></span> 
     </span>
    </p>
   </div>
   <div class='ocr_carea' id='block_1_2' title="bbox 705 633 1112 687">
    <p class='ocr_par' dir='ltr' id='par_1_2' title="bbox 705 633 1112 687">
     <span class='ocr_line' id='line_1_2' title="bbox 705 633 1112 687; baseline 0.002 -1"><span class='ocrx_word' id='word_1_2' title='bbox 705 635 804 686; x_wconf 80' lang='lat' dir='ltr'><em>amca</em></span> <span class='ocrx_word' id='word_1_3' title='bbox 824 633 970 686; x_wconf 64' lang='lat' dir='ltr'>EUNDEM</span> <span class='ocrx_word' id='word_1_4' title='bbox 989 635 1112 687; x_wconf 79' lang='lat' dir='ltr'>ANNUM</span> 
     </span>
    </p>
   </div>
   <div class='ocr_carea' id='block_1_3' title="bbox 585 766 1228 912">
    <p class='ocr_par' dir='ltr' id='par_1_3' title="bbox 585 766 1228 912">
     <span class='ocr_line' id='line_1_3' title="bbox 585 766 1228 912; baseline 0.006 -4"><span class='ocrx_word' id='word_1_5' title='bbox 585 766 1228 912; x_wconf 81' lang='lat' dir='ltr'>GOZPERTUS</span> 
     </span>
    </p>
   </div>
   <div class='ocr_carea' id='block_1_4' title="bbox 689 961 1115 1020">
    <p class='ocr_par' dir='ltr' id='par_1_4' title="bbox 689 961 1115 1020">
     <span class='ocr_line' id='line_1_4' title="bbox 689 961 1115 1020; baseline 0.002 -3"><span class='ocrx_word' id='word_1_6' title='bbox 689 963 802 1020; x_wconf 79' lang='lat' dir='ltr'>ABBAS</span> <span class='ocrx_word' id='word_1_7' title='bbox 825 961 1115 1019; x_wconf 74' lang='lat' dir='ltr'><em>Tmennsaaums.</em></span> 
     </span>
    </p>
   </div>
   <div class='ocr_carea' id='block_1_5' title="bbox 410 1217 1402 1366">
    <p class='ocr_par' dir='ltr' id='par_1_5' title="bbox 410 1217 1402 1366">
     <span class='ocr_line' id='line_1_5' title="bbox 410 1217 1402 1366; baseline 0.004 -5"><span class='ocrx_word' id='word_1_8' title='bbox 410 1220 873 1365; x_wconf 88' lang='lat' dir='ltr'>GOZPERTI</span> <span class='ocrx_word' id='word_1_9' title='bbox 912 1217 1402 1366; x_wconf 84' lang='lat' dir='ltr'>EPISTOLAE</span> 
     </span>
    </p>
   </div>
   <div class='ocr_carea' id='block_1_6' title="bbox 152 1429 1664 1574">
    <p class='ocr_par' dir='ltr' id='par_1_6' title="bbox 152 1429 1664 1574">
     <span class='ocr_line' id='line_1_6' title="bbox 152 1429 1664 1573; baseline 0.004 -89"><span class='ocrx_word' id='word_1_10' title='bbox 152 1429 234 1501; x_wconf 81' lang='lat' dir='ltr'><em>(Apud</em></span> <span class='ocrx_word' id='word_1_11' title='bbox 246 1429 280 1486; x_wconf 81' lang='lat' dir='ltr'><em>R.</em></span> <span class='ocrx_word' id='word_1_12' title='bbox 295 1431 326 1486; x_wconf 89' lang='lat' dir='ltr'><em>P.</em></span> <span class='ocrx_word' id='word_1_13' title='bbox 343 1430 523 1487; x_wconf 86' lang='lat' dir='ltr'><em>Bernardum</em></span> <span class='ocrx_word' id='word_1_14' title='bbox 539 1429 664 1499; x_wconf 84' lang='lat' dir='ltr'><em>Parium,</em></span> <span class='ocrx_word' id='word_1_15' title='bbox 680 1429 831 1557; x_wconf 70' lang='lat' dir='ltr'><em>Tirsaanas</em></span> <span class='ocrx_word' id='word_1_16' title='bbox 844 1429 997 1513; x_wconf 66' lang='lat' dir='ltr'><em>anecdot,</em></span> <span class='ocrx_word' id='word_1_17' title='bbox 1007 1433 1079 1573; x_wconf 77' lang='lat' dir='ltr'><em>tpm.</em></span> <span class='ocrx_word' id='word_1_18' title='bbox 1097 1431 1130 1489; x_wconf 87' lang='lat' dir='ltr'><em>V.</em></span> <span class='ocrx_word' id='word_1_19' title='bbox 1146 1433 1228 1504; x_wconf 88' lang='lat' dir='ltr'><em>parte</em></span> <span class='ocrx_word' id='word_1_20' title='bbox 1245 1447 1265 1500; x_wconf 92' lang='lat'><em>1,</em></span> <span class='ocrx_word' id='word_1_21' title='bbox 1280 1447 1310 1503; x_wconf 91' lang='lat' dir='ltr'><em>p.</em></span> <span class='ocrx_word' id='word_1_22' title='bbox 1329 1433 1390 1496; x_wconf 82' lang='lat' dir='ltr'><em>tat,</em></span> <span class='ocrx_word' id='word_1_23' title='bbox 1407 1446 1442 1486; x_wconf 87' lang='lat' dir='ltr'><em>ex</em></span> <span class='ocrx_word' id='word_1_24' title='bbox 1455 1445 1553 1488; x_wconf 79' lang='lat' dir='ltr'><em>cerave</em></span> <span class='ocrx_word' id='word_1_25' title='bbox 1565 1431 1664 1490; x_wconf 88' lang='lat' dir='ltr'><em>codice</em></span> 
     </span>
     <span class='ocr_line' id='line_1_7' title="bbox 813 1517 1009 1574; baseline -0.01 -17"><span class='ocrx_word' id='word_1_26' title='bbox 813 1517 1009 1574; x_wconf 76' lang='lat' dir='ltr'><em>egernseensr.</em></span> 
     </span>
    </p>
   </div>
   <div class='ocr_carea' id='block_1_7' title="bbox 760 1748 1031 1837">
    <p class='ocr_par' dir='ltr' id='par_1_7' title="bbox 760 1748 1031 1837">
     <span class='ocr_line' id='line_1_8' title="bbox 760 1748 1031 1837; baseline -0.004 -2"><span class='ocrx_word' id='word_1_27' title='bbox 760 1748 1031 1837; x_wconf 87' lang='lat' dir='ltr'><strong>MONITUM</strong></span> 
     </span>
    </p>
   </div>
   <div class='ocr_carea' id='block_1_8' title="bbox 91 1902 1741 2597">
    <p class='ocr_par' dir='ltr' id='par_1_8' title="bbox 91 1902 1741 2597">
     <span class='ocr_line' id='line_1_9' title="bbox 122 1902 1738 1979; baseline 0.004 -22"><span class='ocrx_word' id='word_1_28' title='bbox 122 1905 201 1958; x_wconf 78' lang='lat' dir='ltr'><em>Plena</em></span> <span class='ocrx_word' id='word_1_29' title='bbox 215 1905 300 1959; x_wconf 81' lang='lat' dir='ltr'><em>bonae</em></span> <span class='ocrx_word' id='word_1_30' title='bbox 311 1903 402 1976; x_wconf 80' lang='lat' dir='ltr'><em>frugis</em></span> <span class='ocrx_word' id='word_1_31' title='bbox 416 1907 483 1958; x_wconf 87' lang='lat' dir='ltr'><em>sunt</em></span> <span class='ocrx_word' id='word_1_32' title='bbox 497 1903 625 1976; x_wconf 72' lang='lat' dir='ltr'><em>epistolae</em></span> <span class='ocrx_word' id='word_1_33' title='bbox 639 1903 781 1976; x_wconf 83' lang='lat' dir='ltr'><em>Gozperti,</em></span> <span class='ocrx_word' id='word_1_34' title='bbox 797 1908 919 1959; x_wconf 84' lang='lat' dir='ltr'><em>exeunte</em></span> <span class='ocrx_word' id='word_1_35' title='bbox 932 1903 994 1958; x_wconf 86' lang='lat' dir='ltr'><em>iere</em></span> <span class='ocrx_word' id='word_1_36' title='bbox 1004 1904 1109 1960; x_wconf 87' lang='lat' dir='ltr'><em>saeculo</em></span> <span class='ocrx_word' id='word_1_37' title='bbox 1123 1902 1261 1958; x_wconf 75' lang='lat' dir='ltr'><em>sabbatis</em></span> <span class='ocrx_word' id='word_1_38' title='bbox 1269 1903 1501 1976; x_wconf 73' lang='lat' dir='ltr'><em>tegernseensis,</em></span> <span class='ocrx_word' id='word_1_39' title='bbox 1514 1921 1638 1978; x_wconf 87' lang='lat' dir='ltr'><em>quarum</em></span> <span class='ocrx_word' id='word_1_40' title='bbox 1651 1921 1738 1979; x_wconf 85' lang='lat' dir='ltr'><em>quur·</em></span> 
     </span>
     <span class='ocr_line' id='line_1_10' title="bbox 95 1973 1737 2050; baseline 0.004 -24"><span class='ocrx_word' id='word_1_41' title='bbox 95 1975 123 2036; x_wconf 85' lang='lat' dir='ltr'><em>ta,</em></span> <span class='ocrx_word' id='word_1_42' title='bbox 134 1975 222 2044; x_wconf 89' lang='lat' dir='ltr'><em>quinta</em></span> <span class='ocrx_word' id='word_1_43' title='bbox 235 1979 266 2029; x_wconf 93' lang='lat' dir='ltr'><em>et</em></span> <span class='ocrx_word' id='word_1_44' title='bbox 281 1979 361 2030; x_wconf 80' lang='lat' dir='ltr'><em>sexta</em></span> <span class='ocrx_word' id='word_1_45' title='bbox 371 1975 513 2046; x_wconf 72' lang='lat' dir='ltr'><em>inscriptas</em></span> <span class='ocrx_word' id='word_1_46' title='bbox 526 1977 593 2030; x_wconf 87' lang='lat' dir='ltr'><em>sunt</em></span> <span class='ocrx_word' id='word_1_47' title='bbox 606 1973 795 2044; x_wconf 76' lang='lat' dir='ltr'><em>Mepiatretmo,</em></span> <span class='ocrx_word' id='word_1_48' title='bbox 806 1977 984 2040; x_wconf 83' lang='lat' dir='ltr'><em>famosissimo</em></span> <span class='ocrx_word' id='word_1_49' title='bbox 999 1977 1100 2043; x_wconf 88' lang='lat' dir='ltr'><em>comiti,</em></span> <span class='ocrx_word' id='word_1_50' title='bbox 1116 1992 1226 2029; x_wconf 78' lang='lat' dir='ltr'><em>somme</em></span> <span class='ocrx_word' id='word_1_51' title='bbox 1237 1975 1383 2031; x_wconf 69' lang='lat' dir='ltr'><em>nobilitatis</em></span> <span class='ocrx_word' id='word_1_52' title='bbox 1393 1979 1519 2048; x_wconf 81' lang='lat' dir='ltr'><em>prosapia</em></span> <span class='ocrx_word' id='word_1_53' title='bbox 1528 1980 1681 2050; x_wconf 75' lang='lat' dir='ltr'><em>proponite,</em></span> <span class='ocrx_word' id='word_1_54' title='bbox 1690 1978 1737 2033; x_wconf 94' lang='lat' dir='ltr'><em>cui</em></span> 
     </span>
     <span class='ocr_line' id='line_1_11' title="bbox 92 2043 1736 2118; baseline 0.003 -21"><span class='ocrx_word' id='word_1_55' title='bbox 92 2043 209 2100; x_wconf 80' lang='lat' dir='ltr'><em>lanitium</em></span> <span class='ocrx_word' id='word_1_56' title='bbox 217 2046 475 2118; x_wconf 74' lang='lat' dir='ltr'><em>tegernseensem,</em></span> <span class='ocrx_word' id='word_1_57' title='bbox 491 2047 519 2099; x_wconf 89' lang='lat' dir='ltr'><em>in</em></span> <span class='ocrx_word' id='word_1_58' title='bbox 533 2045 640 2100; x_wconf 85' lang='lat' dir='ltr'><em>Oriente</em></span> <span class='ocrx_word' id='word_1_59' title='bbox 650 2045 731 2117; x_wconf 80' lang='lat' dir='ltr'><em>gravi</em></span> <span class='ocrx_word' id='word_1_60' title='bbox 744 2047 821 2101; x_wconf 88' lang='lat' dir='ltr'><em>lame</em></span> <span class='ocrx_word' id='word_1_61' title='bbox 833 2047 1026 2112; x_wconf 71' lang='lat' dir='ltr'><em>laborantem,</em></span> <span class='ocrx_word' id='word_1_62' title='bbox 1043 2046 1087 2100; x_wconf 90' lang='lat' dir='ltr'><em>bis</em></span> <span class='ocrx_word' id='word_1_63' title='bbox 1101 2045 1194 2101; x_wconf 83' lang='lat' dir='ltr'><em>verbis</em></span> <span class='ocrx_word' id='word_1_64' title='bbox 1205 2047 1409 2102; x_wconf 77' lang='lat' dir='ltr'><strong>commendat:</strong></span> <span class='ocrx_word' id='word_1_65' title='bbox 1431 2069 1444 2098; x_wconf 83' lang='lat' dir='ltr'><em>a</em></span> <span class='ocrx_word' id='word_1_66' title='bbox 1461 2047 1588 2103; x_wconf 76' lang='lat' dir='ltr'><em>Petimus</em></span> <span class='ocrx_word' id='word_1_67' title='bbox 1606 2051 1638 2103; x_wconf 91' lang='lat' dir='ltr'><em>ut</em></span> <span class='ocrx_word' id='word_1_68' title='bbox 1652 2047 1736 2102; x_wconf 88' lang='lat' dir='ltr'><em>nobis</em></span> 
     </span>
     <span class='ocr_line' id='line_1_12' title="bbox 93 2116 1733 2244; baseline 0.004 -78"><span class='ocrx_word' id='word_1_69' title='bbox 93 2117 203 2185; x_wconf 84' lang='lat' dir='ltr'><em>aperiatis</em></span> <span class='ocrx_word' id='word_1_70' title='bbox 222 2134 346 2172; x_wconf 88' lang='lat' dir='ltr'><em>manum</em></span> <span class='ocrx_word' id='word_1_71' title='bbox 362 2117 453 2172; x_wconf 72' lang='lat' dir='ltr'><em>solitae</em></span> <span class='ocrx_word' id='word_1_72' title='bbox 468 2116 628 2187; x_wconf 77' lang='lat' dir='ltr'><em>largitionis</em></span> <span class='ocrx_word' id='word_1_73' title='bbox 643 2118 743 2171; x_wconf 79' lang='lat' dir='ltr'><em>vestra</em></span> <span class='ocrx_word' id='word_1_74' title='bbox 758 2120 787 2172; x_wconf 91' lang='lat' dir='ltr'><em>et</em></span> <span class='ocrx_word' id='word_1_75' title='bbox 797 2117 924 2186; x_wconf 88' lang='lat' dir='ltr'><em>jubeatis</em></span> <span class='ocrx_word' id='word_1_76' title='bbox 940 2116 1023 2171; x_wconf 89' lang='lat' dir='ltr'><em>nubis</em></span> <span class='ocrx_word' id='word_1_77' title='bbox 1039 2116 1100 2171; x_wconf 87' lang='lat' dir='ltr'><em>dari</em></span> <span class='ocrx_word' id='word_1_78' title='bbox 1121 2116 1333 2198; x_wconf 81' lang='lat' dir='ltr'><em>aliquantulum</em></span> <span class='ocrx_word' id='word_1_79' title='bbox 1361 2117 1503 2173; x_wconf 79' lang='lat' dir='ltr'><em>frumenti</em></span> <span class='ocrx_word' id='word_1_80' title='bbox 1518 2117 1554 2173; x_wconf 90' lang='lat' dir='ltr'><em>ob</em></span> <span class='ocrx_word' id='word_1_81' title='bbox 1571 2119 1733 2244; x_wconf 62' lang='lat' dir='ltr'><em>eleemopp-</em></span> 
     </span>
     <span class='ocr_line' id='line_1_13' title="bbox 93 2186 1736 2260; baseline 0.005 -24"><span class='ocrx_word' id='word_1_82' title='bbox 93 2200 145 2238; x_wconf 87' lang='lat' dir='ltr'><em>nam</em></span> <span class='ocrx_word' id='word_1_83' title='bbox 157 2188 236 2241; x_wconf 85' lang='lat' dir='ltr'><em>vestri</em></span> <span class='ocrx_word' id='word_1_84' title='bbox 253 2188 288 2241; x_wconf 90' lang='lat' dir='ltr'><em>in</em></span> <span class='ocrx_word' id='word_1_85' title='bbox 305 2189 410 2242; x_wconf 84' lang='lat' dir='ltr'><em>victum</em></span> <span class='ocrx_word' id='word_1_86' title='bbox 422 2203 524 2242; x_wconf 90' lang='lat' dir='ltr'><em>eorum</em></span> <span class='ocrx_word' id='word_1_87' title='bbox 540 2187 569 2241; x_wconf 90' lang='lat' dir='ltr'><em>iu</em></span> <span class='ocrx_word' id='word_1_88' title='bbox 584 2186 701 2258; x_wconf 78' lang='lat' dir='ltr'><em>regione</em></span> <span class='ocrx_word' id='word_1_89' title='bbox 718 2187 861 2254; x_wconf 77' lang='lat' dir='ltr'><em>orientali,</em></span> <span class='ocrx_word' id='word_1_90' title='bbox 876 2204 933 2260; x_wconf 89' lang='lat' dir='ltr'><em>qua</em></span> <span class='ocrx_word' id='word_1_91' title='bbox 948 2204 997 2242; x_wconf 89' lang='lat' dir='ltr'><em>vos</em></span> <span class='ocrx_word' id='word_1_92' title='bbox 1019 2187 1224 2253; x_wconf 79' lang='lat' dir='ltr'><em>dominamini,</em></span> <span class='ocrx_word' id='word_1_93' title='bbox 1241 2204 1277 2242; x_wconf 93' lang='lat' dir='ltr'><em>ne</em></span> <span class='ocrx_word' id='word_1_94' title='bbox 1298 2188 1375 2243; x_wconf 87' lang='lat' dir='ltr'><em>tame</em></span> <span class='ocrx_word' id='word_1_95' title='bbox 1392 2189 1507 2259; x_wconf 87' lang='lat' dir='ltr'><em>penitus</em></span> <span class='ocrx_word' id='word_1_96' title='bbox 1521 2205 1571 2244; x_wconf 88' lang='lat' dir='ltr'><em>eos</em></span> <span class='ocrx_word' id='word_1_97' title='bbox 1585 2191 1615 2244; x_wconf 91' lang='lat' dir='ltr'><em>et</em></span> <span class='ocrx_word' id='word_1_98' title='bbox 1637 2189 1685 2245; x_wconf 91' lang='lat' dir='ltr'><em>ine</em></span> <span class='ocrx_word' id='word_1_99' title='bbox 1708 2189 1736 2245; x_wconf 89' lang='lat' dir='ltr'><em>ia</em></span> 
     </span>
     <span class='ocr_line' id='line_1_14' title="bbox 92 2257 1741 2333; baseline 0.004 -26"><span class='ocrx_word' id='word_1_100' title='bbox 92 2259 264 2312; x_wconf 85' lang='lat' dir='ltr'><em>consummari</em></span> <span class='ocrx_word' id='word_1_101' title='bbox 280 2260 324 2312; x_wconf 85' lang='lat' dir='ltr'><em>vel</em></span> <span class='ocrx_word' id='word_1_102' title='bbox 339 2259 414 2313; x_wconf 91' lang='lat' dir='ltr'><em>mori</em></span> <span class='ocrx_word' id='word_1_103' title='bbox 428 2257 603 2312; x_wconf 76' lang='lat' dir='ltr'><em>rideamus.»</em></span> <span class='ocrx_word' id='word_1_104' title='bbox 618 2259 679 2322; x_wconf 84' lang='lat' dir='ltr'><em>Quo</em></span> <span class='ocrx_word' id='word_1_105' title='bbox 692 2259 755 2313; x_wconf 90' lang='lat' dir='ltr'><em>loco</em></span> <span class='ocrx_word' id='word_1_106' title='bbox 768 2259 901 2313; x_wconf 82' lang='lat' dir='ltr'><em>Orientem</em></span> <span class='ocrx_word' id='word_1_107' title='bbox 910 2261 939 2312; x_wconf 88' lang='lat' dir='ltr'><em>et</em></span> <span class='ocrx_word' id='word_1_108' title='bbox 948 2261 1080 2330; x_wconf 73' lang='lat' dir='ltr'><em>maionem</em></span> <span class='ocrx_word' id='word_1_109' title='bbox 1092 2258 1246 2312; x_wconf 78' lang='lat' dir='ltr'><em>orientalem</em></span> <span class='ocrx_word' id='word_1_110' title='bbox 1258 2258 1513 2328; x_wconf 85' lang='lat' dir='ltr'><em>esseAastriam,in</em></span> <span class='ocrx_word' id='word_1_111' title='bbox 1529 2275 1587 2332; x_wconf 86' lang='lat' dir='ltr'><em>qna</em></span> <span class='ocrx_word' id='word_1_112' title='bbox 1594 2259 1741 2333; x_wconf 86' lang='lat' dir='ltr'><em>hodieque</em></span> 
     </span>
     <span class='ocr_line' id='line_1_15' title="bbox 92 2327 1738 2447; baseline 0.005 -69"><span class='ocrx_word' id='word_1_113' title='bbox 92 2327 203 2447; x_wconf 65' lang='lat' dir='ltr'><em>pandam</em></span> <span class='ocrx_word' id='word_1_114' title='bbox 238 2329 331 2384; x_wconf 79' lang='lat' dir='ltr'><em>reedia</em></span> <span class='ocrx_word' id='word_1_115' title='bbox 341 2328 414 2399; x_wconf 89' lang='lat' dir='ltr'><em>juris</em></span> <span class='ocrx_word' id='word_1_116' title='bbox 422 2329 643 2400; x_wconf 74' lang='lat' dir='ltr'><em>tegernseensis</em></span> <span class='ocrx_word' id='word_1_117' title='bbox 657 2332 735 2393; x_wconf 79' lang='lat' dir='ltr'><em>suist,</em></span> <span class='ocrx_word' id='word_1_118' title='bbox 751 2329 909 2384; x_wconf 90' lang='lat' dir='ltr'><em>clarissime</em></span> <span class='ocrx_word' id='word_1_119' title='bbox 923 2332 1082 2385; x_wconf 80' lang='lat' dir='ltr'><em>constater</em></span> <span class='ocrx_word' id='word_1_120' title='bbox 1097 2329 1131 2383; x_wconf 93' lang='lat' dir='ltr'><em>iis</em></span> <span class='ocrx_word' id='word_1_121' title='bbox 1143 2345 1207 2400; x_wconf 79' lang='lat' dir='ltr'><em>qum</em></span> <span class='ocrx_word' id='word_1_122' title='bbox 1221 2329 1256 2384; x_wconf 90' lang='lat' dir='ltr'><em>de</em></span> <span class='ocrx_word' id='word_1_123' title='bbox 1270 2329 1359 2384; x_wconf 90' lang='lat' dir='ltr'><em>veteri</em></span> <span class='ocrx_word' id='word_1_124' title='bbox 1371 2330 1490 2385; x_wconf 77' lang='lat' dir='ltr'><em>Austriae</em></span> <span class='ocrx_word' id='word_1_125' title='bbox 1503 2331 1738 2388; x_wconf 79' lang='lat' dir='ltr'><em>nomenclatione</em></span> 
     </span>
     <span class='ocr_line' id='line_1_16' title="bbox 108 2395 1737 2472; baseline 0.006 -25"><span class='ocrx_word' id='word_1_126' title='bbox 108 2395 199 2452; x_wconf 84' lang='lat' dir='ltr'><em>itlusius</em></span> <span class='ocrx_word' id='word_1_127' title='bbox 232 2400 343 2472; x_wconf 90' lang='lat' dir='ltr'><em>&#39;sputat</em></span> <span class='ocrx_word' id='word_1_128' title='bbox 357 2399 531 2455; x_wconf 87' lang='lat' dir='ltr'><em>reverendus</em></span> <span class='ocrx_word' id='word_1_129' title='bbox 540 2399 639 2455; x_wconf 83' lang='lat' dir='ltr'><em>Frater</em></span> <span class='ocrx_word' id='word_1_130' title='bbox 651 2399 680 2454; x_wconf 92' lang='lat' dir='ltr'><em>in</em></span> <span class='ocrx_word' id='word_1_131' title='bbox 689 2399 1045 2471; x_wconf 79' lang='lat' dir='ltr'><em>Dissertationilraspraeoiie</em></span> <span class='ocrx_word' id='word_1_132' title='bbox 1058 2399 1203 2454; x_wconf 83' lang='lat' dir='ltr'><em>adtomam</em></span> <span class='ocrx_word' id='word_1_133' title='bbox 1216 2397 1232 2453; x_wconf 96' lang='lat'><em>1</em></span> <span class='ocrx_word' id='word_1_134' title='bbox 1238 2397 1408 2472; x_wconf 69' lang='lat' dir='ltr'><em>Scriptorum</em></span> <span class='ocrx_word' id='word_1_135' title='bbox 1419 2401 1737 2456; x_wconf 81' lang='lat' dir='ltr'><em>reramAustriacorum.</em></span> 
     </span>
     <span class='ocr_line' id='line_1_17' title="bbox 91 2465 1739 2547; baseline 0.006 -29"><span class='ocrx_word' id='word_1_136' title='bbox 91 2465 116 2544; x_wconf 70' lang='lat' dir='ltr'><em>it</em></span> <span class='ocrx_word' id='word_1_137' title='bbox 129 2469 217 2524; x_wconf 90' lang='lat' dir='ltr'><em>tamen</em></span> <span class='ocrx_word' id='word_1_138' title='bbox 231 2470 269 2525; x_wconf 93' lang='lat' dir='ltr'><em>de</em></span> <span class='ocrx_word' id='word_1_139' title='bbox 285 2469 339 2526; x_wconf 91' lang='lat' dir='ltr'><em>boc</em></span> <span class='ocrx_word' id='word_1_140' title='bbox 348 2469 526 2542; x_wconf 76' lang='lat' dir='ltr'><em>famosissimo</em></span> <span class='ocrx_word' id='word_1_141' title='bbox 541 2469 657 2538; x_wconf 86' lang='lat' dir='ltr'><em>comite,</em></span> <span class='ocrx_word' id='word_1_142' title='bbox 673 2471 804 2542; x_wconf 89' lang='lat' dir='ltr'><em>quietim</em></span> <span class='ocrx_word' id='word_1_143' title='bbox 820 2471 850 2526; x_wconf 92' lang='lat' dir='ltr'><em>in</em></span> <span class='ocrx_word' id='word_1_144' title='bbox 865 2470 979 2527; x_wconf 75' lang='lat' dir='ltr'><em>dustria</em></span> <span class='ocrx_word' id='word_1_145' title='bbox 993 2471 1195 2531; x_wconf 75' lang='lat' dir='ltr'><em>dominabatur.</em></span> <span class='ocrx_word' id='word_1_146' title='bbox 1211 2471 1312 2540; x_wconf 90' lang='lat' dir='ltr'><em>altum,</em></span> <span class='ocrx_word' id='word_1_147' title='bbox 1335 2472 1415 2547; x_wconf 85' lang='lat' dir='ltr'><em>qued</em></span> <span class='ocrx_word' id='word_1_148' title='bbox 1437 2489 1491 2544; x_wconf 78' lang='lat' dir='ltr'><em>ego</em></span> <span class='ocrx_word' id='word_1_149' title='bbox 1507 2471 1625 2546; x_wconf 91' lang='lat' dir='ltr'><em>quidem</em></span> <span class='ocrx_word' id='word_1_150' title='bbox 1637 2472 1739 2541; x_wconf 89' lang='lat' dir='ltr'><em>sciam,</em></span> 
     </span>
     <span class='ocr_line' id='line_1_18' title="bbox 91 2540 691 2597; baseline 0.012 -9"><span class='ocrx_word' id='word_1_151' title='bbox 91 2551 113 2589; x_wconf 92' lang='grc' dir='ltr'><em>ιι</em></span> <span class='ocrx_word' id='word_1_152' title='bbox 124 2541 230 2595; x_wconf 84' lang='lat' dir='ltr'><em>retustis</em></span> <span class='ocrx_word' id='word_1_153' title='bbox 243 2541 352 2596; x_wconf 89' lang='lat' dir='ltr'><em>nostris</em></span> <span class='ocrx_word' id='word_1_154' title='bbox 372 2541 523 2597; x_wconf 81' lang='lat' dir='ltr'><em>aetralibus</em></span> <span class='ocrx_word' id='word_1_155' title='bbox 533 2540 691 2597; x_wconf 90' lang='lat' dir='ltr'><em>silentium.</em></span> 
     </span>
    </p>
   </div>
   <div class='ocr_carea' id='block_1_9' title="bbox 806 2664 1004 2685">
    <p class='ocr_par' dir='ltr' id='par_1_9' title="bbox 806 2664 1004 2685">
     <span class='ocr_line' id='line_1_19' title="bbox 806 2664 1004 2685; baseline 0 -3"><span class='ocrx_word' id='word_1_156' title='bbox 806 2664 1004 2685; x_wconf 61' lang='grc' dir='ltr'><em>ἱ-</em></span> 
     </span>
    </p>
   </div>
   <div class='ocr_carea' id='block_1_10' title="bbox 84 2737 1786 4966">
    <p class='ocr_par' dir='ltr' id='par_1_10' title="bbox 155 2737 1741 2887">
     <span class='ocr_line' id='line_1_20' title="bbox 327 2737 1741 2812; baseline 0.004 -17"><span class='ocrx_word' id='word_1_157' title='bbox 327 2737 495 2796; x_wconf 67' lang='lat' dir='ltr'><em>anstais</em></span> <span class='ocrx_word' id='word_1_158' title='bbox 513 2738 631 2796; x_wconf 77' lang='lat' dir='ltr'><em>ruma.</em></span> <span class='ocrx_word' id='word_1_159' title='bbox 892 2746 984 2806; x_wconf 84' lang='lat' dir='ltr'><em>Anus</em></span> <span class='ocrx_word' id='word_1_160' title='bbox 998 2737 1138 2812; x_wconf 83' lang='lat' dir='ltr'><em>dignitate</em></span> <span class='ocrx_word' id='word_1_161' title='bbox 1150 2737 1312 2812; x_wconf 87' lang='lat' dir='ltr'><em>nobilitato,</em></span> <span class='ocrx_word' id='word_1_162' title='bbox 1325 2737 1494 2802; x_wconf 78' lang='lat' dir='ltr'><em>felicitatem</em></span> <span class='ocrx_word' id='word_1_163' title='bbox 1506 2754 1630 2799; x_wconf 72' lang='lat' dir='ltr'><em>summa</em></span> <span class='ocrx_word' id='word_1_164' title='bbox 1641 2741 1741 2800; x_wconf 77' lang='lat' dir='ltr'><em>salutis</em></span> 
     </span>
     <span class='ocr_line' id='line_1_21' title="bbox 155 2829 1113 2887; baseline 0.003 -5"><span class='ocrx_word' id='word_1_165' title='bbox 155 2845 191 2884; x_wconf 81' lang='lat' dir='ltr'><em>sn</em></span> <span class='ocrx_word' id='word_1_166' title='bbox 204 2845 395 2886; x_wconf 76' lang='lat' dir='ltr'><em>naunoueun</em></span> <span class='ocrx_word' id='word_1_167' title='bbox 415 2846 555 2886; x_wconf 75' lang='lat' dir='ltr'><em>sennenn</em></span> <span class='ocrx_word' id='word_1_168' title='bbox 570 2845 594 2886; x_wconf 88' lang='lat' dir='ltr'><em>s.</em></span> <span class='ocrx_word' id='word_1_169' title='bbox 610 2845 795 2887; x_wconf 76' lang='lat' dir='ltr'><em>annaneane</em></span> <span class='ocrx_word' id='word_1_170' title='bbox 931 2829 961 2885; x_wconf 93' lang='lat' dir='ltr'><em>in</em></span> <span class='ocrx_word' id='word_1_171' title='bbox 977 2829 1113 2886; x_wconf 89' lang='lat' dir='ltr'><em>Domino.</em></span> 
     </span>
    </p>

    <p class='ocr_par' dir='ltr' id='par_1_11' title="bbox 90 2909 1742 3260">
     <span class='ocr_line' id='line_1_22' title="bbox 90 2909 1740 2994; baseline 0.004 -24"><span class='ocrx_word' id='word_1_172' title='bbox 90 2909 118 2970; x_wconf 83' lang='lat' dir='ltr'><em>Se</em></span> <span class='ocrx_word' id='word_1_173' title='bbox 129 2914 275 2975; x_wconf 76' lang='lat' dir='ltr'><em>itatislronae</em></span> <span class='ocrx_word' id='word_1_174' title='bbox 292 2920 320 2973; x_wconf 87' lang='lat' dir='ltr'><em>in</em></span> <span class='ocrx_word' id='word_1_175' title='bbox 331 2919 399 2990; x_wconf 79' lang='lat' dir='ltr'><em>sesto</em></span> <span class='ocrx_word' id='word_1_176' title='bbox 412 2917 444 2974; x_wconf 90' lang='lat' dir='ltr'><em>S.</em></span> <span class='ocrx_word' id='word_1_177' title='bbox 459 2913 659 2975; x_wconf 80' lang='lat' dir='ltr'><em>Emmrrommi</em></span> <span class='ocrx_word' id='word_1_178' title='bbox 671 2919 798 2990; x_wconf 76' lang='lat' dir='ltr'><em>futurum</em></span> <span class='ocrx_word' id='word_1_179' title='bbox 810 2935 881 2974; x_wconf 86' lang='lat' dir='ltr'><em>nan·</em></span> <span class='ocrx_word' id='word_1_180' title='bbox 968 2918 1054 2976; x_wconf 92' lang='lat' dir='ltr'><em>Nullo</em></span> <span class='ocrx_word' id='word_1_181' title='bbox 1071 2917 1159 2988; x_wconf 77' lang='lat' dir='ltr'><em>digno</em></span> <span class='ocrx_word' id='word_1_182' title='bbox 1167 2932 1337 2975; x_wconf 90' lang='lat' dir='ltr'><em>sermonum</em></span> <span class='ocrx_word' id='word_1_183' title='bbox 1346 2920 1470 2975; x_wconf 83' lang='lat' dir='ltr'><em>tractatu</em></span> <span class='ocrx_word' id='word_1_184' title='bbox 1482 2933 1635 2993; x_wconf 85' lang='lat' dir='ltr'><em>possumus</em></span> <span class='ocrx_word' id='word_1_185' title='bbox 1643 2919 1740 2994; x_wconf 77' lang='lat' dir='ltr'><em>grates</em></span> 
     </span>
     <span class='ocr_line' id='line_1_23' title="bbox 117 3005 1737 3081; baseline 0.002 -22"><span class='ocrx_word' id='word_1_186' title='bbox 117 3007 170 3075; x_wconf 89' lang='lat' dir='ltr'><em>tiat,</em></span> <span class='ocrx_word' id='word_1_187' title='bbox 178 3009 303 3081; x_wconf 76' lang='lat' dir='ltr'><em>petitque</em></span> <span class='ocrx_word' id='word_1_188' title='bbox 314 3006 366 3062; x_wconf 80' lang='lat' dir='ltr'><em>ribi</em></span> <span class='ocrx_word' id='word_1_189' title='bbox 387 3006 590 3064; x_wconf 74' lang='lat' dir='ltr'><em>exscribendum</em></span> <span class='ocrx_word' id='word_1_190' title='bbox 616 3009 767 3064; x_wconf 81' lang='lat' dir='ltr'><em>transmitti</em></span> <span class='ocrx_word' id='word_1_191' title='bbox 786 3007 884 3064; x_wconf 83' lang='lat' dir='ltr'><em>libram</em></span> <span class='ocrx_word' id='word_1_192' title='bbox 934 3005 1555 3063; x_wconf 73' lang='lat' dir='ltr'><em>conscriberebeneficentissimacelsitudini</em></span> <span class='ocrx_word' id='word_1_193' title='bbox 1570 3010 1672 3066; x_wconf 74' lang='lat' dir='ltr'><em>vestrae</em></span> <span class='ocrx_word' id='word_1_194' title='bbox 1683 3023 1737 3080; x_wconf 85' lang='lat' dir='ltr'><em>pro</em></span> 
     </span>
     <span class='ocr_line' id='line_1_24' title="bbox 114 3085 1738 3170; baseline 0.002 -22"><span class='ocrx_word' id='word_1_195' title='bbox 114 3093 407 3163; x_wconf 78' lang='lat' dir='ltr'><em>plenariecoltatianis.</em></span> <span class='ocrx_word' id='word_1_196' title='bbox 935 3085 1088 3166; x_wconf 90' lang='lat' dir='ltr'><em>multiplici</em></span> <span class='ocrx_word' id='word_1_197' title='bbox 1096 3094 1738 3170; x_wconf 77' lang='lat' dir='ltr'><em>clementiaqnamnobisindignisnostrisque</em></span> 
     </span>
     <span class='ocr_line' id='line_1_25' title="bbox 116 3182 1742 3260; baseline 0.003 -23"><span class='ocrx_word' id='word_1_198' title='bbox 116 3182 212 3239; x_wconf 78' lang='lat' dir='ltr'><em>tobati</em></span> <span class='ocrx_word' id='word_1_199' title='bbox 224 3186 274 3254; x_wconf 77' lang='lat' dir='ltr'><em>a,</em></span> <span class='ocrx_word' id='word_1_200' title='bbox 294 3184 471 3240; x_wconf 88' lang='lat' dir='ltr'><em>monachicae</em></span> <span class='ocrx_word' id='word_1_201' title='bbox 486 3185 633 3258; x_wconf 78' lang='lat' dir='ltr'><em>religionis</em></span> <span class='ocrx_word' id='word_1_202' title='bbox 647 3187 762 3260; x_wconf 90' lang='lat' dir='ltr'><em>speculo</em></span> <span class='ocrx_word' id='word_1_203' title='bbox 779 3183 886 3260; x_wconf 87' lang='lat' dir='ltr'><em>perspi·</em></span> <span class='ocrx_word' id='word_1_204' title='bbox 936 3183 1100 3242; x_wconf 89' lang='lat' dir='ltr'><em>domesticis</em></span> <span class='ocrx_word' id='word_1_205' title='bbox 1109 3183 1251 3240; x_wconf 83' lang='lat' dir='ltr'><em>indefesse</em></span> <span class='ocrx_word' id='word_1_206' title='bbox 1262 3184 1372 3257; x_wconf 82' lang='lat' dir='ltr'><em>jugiter</em></span> <span class='ocrx_word' id='word_1_207' title='bbox 1383 3183 1742 3260; x_wconf 78' lang='lat' dir='ltr'><em>impertitisittqnianihil</em></span> 
     </span>
    </p>

    <p class='ocr_par' dir='ltr' id='par_1_12' title="bbox 90 3269 1741 3348">
     <span class='ocr_line' id='line_1_26' title="bbox 90 3269 1741 3348; baseline 0.002 -24"><span class='ocrx_word' id='word_1_208' title='bbox 90 3269 235 3342; x_wconf 78' lang='lat' dir='ltr'><em>cecissimo,</em></span> <span class='ocrx_word' id='word_1_209' title='bbox 248 3274 284 3328; x_wconf 87' lang='lat' dir='ltr'><em>G.</em></span> <span class='ocrx_word' id='word_1_210' title='bbox 308 3271 491 3328; x_wconf 79' lang='lat' dir='ltr'><em>famulamini</em></span> <span class='ocrx_word' id='word_1_211' title='bbox 520 3273 609 3329; x_wconf 89' lang='lat' dir='ltr'><em>debiti</em></span> <span class='ocrx_word' id='word_1_212' title='bbox 625 3273 811 3346; x_wconf 82' lang='lat' dir='ltr'><em>discipulatus</em></span> <span class='ocrx_word' id='word_1_213' title='bbox 825 3275 885 3329; x_wconf 91' lang='lat' dir='ltr'><em>toto</em></span> <span class='ocrx_word' id='word_1_214' title='bbox 935 3275 993 3330; x_wconf 91' lang='lat' dir='ltr'><em>tale</em></span> <span class='ocrx_word' id='word_1_215' title='bbox 1008 3273 1206 3344; x_wconf 87' lang='lat' dir='ltr'><em>ullounquam</em></span> <span class='ocrx_word' id='word_1_216' title='bbox 1215 3271 1624 3343; x_wconf 83' lang='lat' dir='ltr'><em>promeruimusservitie,l)eo</em></span> <span class='ocrx_word' id='word_1_217' title='bbox 1636 3272 1741 3348; x_wconf 88' lang='lat' dir='ltr'><em>suppli·</em></span> 
     </span>
    </p>

    <p class='ocr_par' dir='ltr' id='par_1_13' title="bbox 89 3359 1740 3434">
     <span class='ocr_line' id='line_1_27' title="bbox 89 3359 1740 3434; baseline 0.002 -20"><span class='ocrx_word' id='word_1_218' title='bbox 89 3359 180 3416; x_wconf 85' lang='lat' dir='ltr'><em>meotis</em></span> <span class='ocrx_word' id='word_1_219' title='bbox 190 3361 302 3417; x_wconf 83' lang='lat' dir='ltr'><em>affectu</em></span> <span class='ocrx_word' id='word_1_220' title='bbox 316 3362 469 3433; x_wconf 87' lang='lat' dir='ltr'><em>subjectus.</em></span> <span class='ocrx_word' id='word_1_221' title='bbox 936 3379 1034 3418; x_wconf 85' lang='lat' dir='ltr'><em>eamus</em></span> <span class='ocrx_word' id='word_1_222' title='bbox 1048 3364 1081 3417; x_wconf 92' lang='lat' dir='ltr'><em>ut</em></span> <span class='ocrx_word' id='word_1_223' title='bbox 1093 3359 1173 3417; x_wconf 88' lang='lat' dir='ltr'><em>vobis</em></span> <span class='ocrx_word' id='word_1_224' title='bbox 1185 3360 1351 3417; x_wconf 87' lang='lat' dir='ltr'><em>mercedem</em></span> <span class='ocrx_word' id='word_1_225' title='bbox 1364 3364 1567 3434; x_wconf 88' lang='lat' dir='ltr'><em>recompenset</em></span> <span class='ocrx_word' id='word_1_226' title='bbox 1582 3361 1659 3419; x_wconf 89' lang='lat' dir='ltr'><em>douo</em></span> <span class='ocrx_word' id='word_1_227' title='bbox 1672 3378 1740 3420; x_wconf 86' lang='lat' dir='ltr'><em>cen-</em></span> 
     </span>
    </p>

    <p class='ocr_par' dir='ltr' id='par_1_14' title="bbox 116 3448 1742 3532">
     <span class='ocr_line' id='line_1_28' title="bbox 116 3448 1742 3532; baseline 0.004 -22"><span class='ocrx_word' id='word_1_228' title='bbox 116 3457 228 3514; x_wconf 81' lang='lat' dir='ltr'><em>Ardenti</em></span> <span class='ocrx_word' id='word_1_229' title='bbox 241 3459 390 3516; x_wconf 89' lang='lat' dir='ltr'><em>desiderio</em></span> <span class='ocrx_word' id='word_1_230' title='bbox 401 3459 587 3532; x_wconf 77' lang='lat' dir='ltr'><em>praeentiam</em></span> <span class='ocrx_word' id='word_1_231' title='bbox 594 3459 779 3532; x_wconf 89' lang='lat' dir='ltr'><em>paternitatis</em></span> <span class='ocrx_word' id='word_1_232' title='bbox 785 3462 886 3515; x_wconf 74' lang='lat' dir='ltr'><em>vestrae</em></span> <span class='ocrx_word' id='word_1_233' title='bbox 936 3451 1092 3523; x_wconf 48' lang='lat' dir='ltr'><em>inplicat&amp;</em></span> <span class='ocrx_word' id='word_1_234' title='bbox 1108 3448 1255 3521; x_wconf 72' lang='lat' dir='ltr'><em>inprimis</em></span> <span class='ocrx_word' id='word_1_235' title='bbox 1269 3465 1335 3522; x_wconf 85' lang='lat' dir='ltr'><em>ege,</em></span> <span class='ocrx_word' id='word_1_236' title='bbox 1347 3449 1396 3522; x_wconf 77' lang='lat' dir='ltr'><em>qui</em></span> <span class='ocrx_word' id='word_1_237' title='bbox 1412 3449 1524 3505; x_wconf 67' lang='lat' dir='ltr'><em>abbatis</em></span> <span class='ocrx_word' id='word_1_238' title='bbox 1539 3450 1646 3523; x_wconf 80' lang='lat' dir='ltr'><em>tunger</em></span> <span class='ocrx_word' id='word_1_239' title='bbox 1661 3467 1742 3510; x_wconf 68' lang='lat' dir='ltr'><em>vota·</em></span> 
     </span>
    </p>

    <p class='ocr_par' dir='ltr' id='par_1_15' title="bbox 84 3537 1786 4774">
     <span class='ocr_line' id='line_1_29' title="bbox 87 3537 1742 3623; baseline 0.007 -25"><span class='ocrx_word' id='word_1_240' title='bbox 87 3545 201 3604; x_wconf 90' lang='lat' dir='ltr'><em>sitimus:</em></span> <span class='ocrx_word' id='word_1_241' title='bbox 212 3553 431 3605; x_wconf 85' lang='lat' dir='ltr'><em>marcescentes</em></span> <span class='ocrx_word' id='word_1_242' title='bbox 446 3551 533 3618; x_wconf 90' lang='lat' dir='ltr'><em>artus,</em></span> <span class='ocrx_word' id='word_1_243' title='bbox 548 3565 620 3623; x_wconf 84' lang='lat' dir='ltr'><em>quos</em></span> <span class='ocrx_word' id='word_1_244' title='bbox 635 3564 695 3620; x_wconf 76' lang='lat' dir='ltr'><em>prae</em></span> <span class='ocrx_word' id='word_1_245' title='bbox 721 3548 887 3604; x_wconf 82' lang='lat' dir='ltr'><em>lassitudine</em></span> <span class='ocrx_word' id='word_1_246' title='bbox 936 3540 1015 3608; x_wconf 90' lang='lat' dir='ltr'><em>bulo,</em></span> <span class='ocrx_word' id='word_1_247' title='bbox 1029 3537 1299 3611; x_wconf 66' lang='lat' dir='ltr'><em>d0V02ffll11⁰⁰⁰h⁰r⁸</em></span> <span class='ocrx_word' id='word_1_248' title='bbox 1309 3540 1742 3596; x_wconf 62' lang='lat' dir='ltr'><em>⁰⁰⁵ir⁰f¹¹m⁰⁰fflm⁰fl³⁸tflri³·</em></span> 
     </span>
     <span class='ocr_line' id='line_1_30' title="bbox 87 3625 1742 3712; baseline -0.002 -25"><span class='ocrx_word' id='word_1_249' title='bbox 87 3636 146 3690; x_wconf 84' lang='lat' dir='ltr'><em>senii</em></span> <span class='ocrx_word' id='word_1_250' title='bbox 160 3638 359 3711; x_wconf 85' lang='lat' dir='ltr'><em>laborumque</em></span> <span class='ocrx_word' id='word_1_251' title='bbox 374 3654 451 3710; x_wconf 81' lang='lat' dir='ltr'><em>aegre</em></span> <span class='ocrx_word' id='word_1_252' title='bbox 468 3639 691 3712; x_wconf 89' lang='lat' dir='ltr'><em>ierimus,penes</em></span> <span class='ocrx_word' id='word_1_253' title='bbox 701 3638 886 3711; x_wconf 80' lang='lat' dir='ltr'><em>vosaliquan-</em></span> <span class='ocrx_word' id='word_1_254' title='bbox 935 3629 1007 3686; x_wconf 90' lang='lat' dir='ltr'><em>lium</em></span> <span class='ocrx_word' id='word_1_255' title='bbox 1018 3645 1107 3702; x_wconf 85' lang='lat' dir='ltr'><em>usque</em></span> <span class='ocrx_word' id='word_1_256' title='bbox 1123 3628 1211 3684; x_wconf 90' lang='lat' dir='ltr'><em>mode</em></span> <span class='ocrx_word' id='word_1_257' title='bbox 1236 3625 1412 3684; x_wconf 85' lang='lat' dir='ltr'><em>memoriam</em></span> <span class='ocrx_word' id='word_1_258' title='bbox 1427 3627 1512 3684; x_wconf 83' lang='lat' dir='ltr'><em>vestri</em></span> <span class='ocrx_word' id='word_1_259' title='bbox 1526 3626 1682 3683; x_wconf 81' lang='lat' dir='ltr'><em>habuimus</em></span> <span class='ocrx_word' id='word_1_260' title='bbox 1700 3645 1742 3683; x_wconf 92' lang='lat' dir='ltr'><em>se·</em></span> 
     </span>
     <span class='ocr_line' id='line_1_31' title="bbox 87 3715 1740 3800; baseline -0.001 -26"><span class='ocrx_word' id='word_1_261' title='bbox 87 3723 463 3800; x_wconf 82' lang='lat' dir='ltr'><em>tulnmanimerecupimus;</em></span> <span class='ocrx_word' id='word_1_262' title='bbox 478 3727 788 3800; x_wconf 89' lang='lat' dir='ltr'><em>lepidissimolratrum</em></span> <span class='ocrx_word' id='word_1_263' title='bbox 803 3727 890 3782; x_wconf 91' lang='lat' dir='ltr'><em>collo·</em></span> <span class='ocrx_word' id='word_1_264' title='bbox 937 3719 1011 3776; x_wconf 88' lang='lat' dir='ltr'><em>dalis</em></span> <span class='ocrx_word' id='word_1_265' title='bbox 1021 3717 1210 3776; x_wconf 90' lang='lat' dir='ltr'><em>orationibus.</em></span> <span class='ocrx_word' id='word_1_266' title='bbox 1233 3717 1374 3790; x_wconf 85' lang='lat' dir='ltr'><em>Deinceps</em></span> <span class='ocrx_word' id='word_1_267' title='bbox 1389 3719 1488 3772; x_wconf 88' lang='lat' dir='ltr'><em>autem</em></span> <span class='ocrx_word' id='word_1_268' title='bbox 1504 3715 1670 3772; x_wconf 88' lang='lat' dir='ltr'><em>ssrmissime</em></span> <span class='ocrx_word' id='word_1_269' title='bbox 1681 3722 1740 3774; x_wconf 88' lang='lat' dir='ltr'><em>ste·</em></span> 
     </span>
     <span class='ocr_line' id='line_1_32' title="bbox 86 3803 1742 3887; baseline -0.002 -22"><span class='ocrx_word' id='word_1_270' title='bbox 86 3811 141 3880; x_wconf 87' lang='lat' dir='ltr'><em>quie</em></span> <span class='ocrx_word' id='word_1_271' title='bbox 154 3816 310 3887; x_wconf 85' lang='lat' dir='ltr'><em>paululum</em></span> <span class='ocrx_word' id='word_1_272' title='bbox 324 3816 449 3872; x_wconf 88' lang='lat' dir='ltr'><em>recreari</em></span> <span class='ocrx_word' id='word_1_273' title='bbox 464 3815 672 3884; x_wconf 89' lang='lat' dir='ltr'><em>desideramus,</em></span> <span class='ocrx_word' id='word_1_274' title='bbox 684 3817 813 3887; x_wconf 87' lang='lat' dir='ltr'><em>qnianos</em></span> <span class='ocrx_word' id='word_1_275' title='bbox 824 3817 886 3872; x_wconf 81' lang='lat' dir='ltr'><em>tam</em></span> <span class='ocrx_word' id='word_1_276' title='bbox 935 3807 1044 3864; x_wconf 89' lang='lat' dir='ltr'><em>tuimus</em></span> <span class='ocrx_word' id='word_1_277' title='bbox 1059 3823 1168 3862; x_wconf 89' lang='lat' dir='ltr'><em>nomeu</em></span> <span class='ocrx_word' id='word_1_278' title='bbox 1184 3808 1310 3860; x_wconf 84' lang='lat' dir='ltr'><em>vestrum</em></span> <span class='ocrx_word' id='word_1_279' title='bbox 1324 3803 1354 3859; x_wconf 93' lang='lat' dir='ltr'><em>in</em></span> <span class='ocrx_word' id='word_1_280' title='bbox 1377 3807 1476 3860; x_wconf 88' lang='lat' dir='ltr'><em>nostro</em></span> <span class='ocrx_word' id='word_1_281' title='bbox 1503 3804 1679 3861; x_wconf 84' lang='lat' dir='ltr'><em>monasterio</em></span> <span class='ocrx_word' id='word_1_282' title='bbox 1695 3804 1742 3862; x_wconf 89' lang='lat' dir='ltr'><em>dic</em></span> 
     </span>
     <span class='ocr_line' id='line_1_33' title="bbox 85 3891 1741 3977; baseline -0.002 -23"><span class='ocrx_word' id='word_1_283' title='bbox 85 3897 523 3977; x_wconf 80' lang='lat' dir='ltr'><em>longoremporisspatioavobis</em></span> <span class='ocrx_word' id='word_1_284' title='bbox 537 3903 714 3976; x_wconf 89' lang='lat' dir='ltr'><em>disjunctum</em></span> <span class='ocrx_word' id='word_1_285' title='bbox 725 3903 886 3974; x_wconf 88' lang='lat' dir='ltr'><em>ioresnspi·</em></span> <span class='ocrx_word' id='word_1_286' title='bbox 936 3901 1082 3970; x_wconf 89' lang='lat' dir='ltr'><em>noctuque</em></span> <span class='ocrx_word' id='word_1_287' title='bbox 1099 3891 1315 3966; x_wconf 87' lang='lat' dir='ltr'><em>precaminibus</em></span> <span class='ocrx_word' id='word_1_288' title='bbox 1330 3892 1539 3949; x_wconf 87' lang='lat' dir='ltr'><em>memorialiter</em></span> <span class='ocrx_word' id='word_1_289' title='bbox 1557 3897 1741 3966; x_wconf 87' lang='lat' dir='ltr'><em>perpetuare.</em></span> 
     </span>
     <span class='ocr_line' id='line_1_34' title="bbox 85 3979 1742 4066; baseline -0.002 -26"><span class='ocrx_word' id='word_1_290' title='bbox 85 3987 179 4047; x_wconf 89' lang='lat' dir='ltr'><em>riosum</em></span> <span class='ocrx_word' id='word_1_291' title='bbox 195 3993 476 4066; x_wconf 79' lang='lat' dir='ltr'><em>peetusssepiuscule</em></span> <span class='ocrx_word' id='word_1_292' title='bbox 493 3992 751 4066; x_wconf 84' lang='lat' dir='ltr'><em>dolendoprodere</em></span> <span class='ocrx_word' id='word_1_293' title='bbox 765 4008 889 4048; x_wconf 86' lang='lat' dir='ltr'><em>nonces-</em></span> <span class='ocrx_word' id='word_1_294' title='bbox 974 3984 1107 4057; x_wconf 78' lang='lat' dir='ltr'><em>Lugubre</em></span> <span class='ocrx_word' id='word_1_295' title='bbox 1127 3980 1263 4038; x_wconf 90' lang='lat' dir='ltr'><em>nuntium</em></span> <span class='ocrx_word' id='word_1_296' title='bbox 1278 3981 1313 4036; x_wconf 92' lang='lat' dir='ltr'><em>de</em></span> <span class='ocrx_word' id='word_1_297' title='bbox 1326 3981 1407 4036; x_wconf 93' lang='lat' dir='ltr'><em>obitu</em></span> <span class='ocrx_word' id='word_1_298' title='bbox 1422 3979 1602 4036; x_wconf 82' lang='lat' dir='ltr'><em>amicissime</em></span> <span class='ocrx_word' id='word_1_299' title='bbox 1614 3980 1742 4037; x_wconf 85' lang='lat' dir='ltr'><em>dominre</em></span> 
     </span>
     <span class='ocr_line' id='line_1_35' title="bbox 85 4068 1741 4154; baseline -0.004 -24"><span class='ocrx_word' id='word_1_300' title='bbox 85 4079 128 4133; x_wconf 83' lang='lat' dir='ltr'><em>sa.</em></span> <span class='ocrx_word' id='word_1_301' title='bbox 143 4079 280 4137; x_wconf 86' lang='lat' dir='ltr'><em>Proximo</em></span> <span class='ocrx_word' id='word_1_302' title='bbox 306 4079 385 4136; x_wconf 89' lang='lat' dir='ltr'><em>ducis</em></span> <span class='ocrx_word' id='word_1_303' title='bbox 409 4079 500 4136; x_wconf 89' lang='lat' dir='ltr'><em>nostri</em></span> <span class='ocrx_word' id='word_1_304' title='bbox 515 4080 659 4153; x_wconf 91' lang='lat' dir='ltr'><em>colloquio</em></span> <span class='ocrx_word' id='word_1_305' title='bbox 674 4097 824 4154; x_wconf 90' lang='lat' dir='ltr'><em>speramus</em></span> <span class='ocrx_word' id='word_1_306' title='bbox 836 4073 925 4136; x_wconf 90' lang='lat' dir='ltr'><em>nosB</em></span> <span class='ocrx_word' id='word_1_307' title='bbox 939 4078 1044 4133; x_wconf 86' lang='lat' dir='ltr'><em>nestroe</em></span> <span class='ocrx_word' id='word_1_308' title='bbox 1054 4070 1220 4128; x_wconf 74' lang='lat' dir='ltr'><em>adalheidae</em></span> <span class='ocrx_word' id='word_1_309' title='bbox 1236 4068 1360 4125; x_wconf 91' lang='lat' dir='ltr'><em>nimium</em></span> <span class='ocrx_word' id='word_1_310' title='bbox 1372 4085 1425 4124; x_wconf 89' lang='lat' dir='ltr'><em>nos</em></span> <span class='ocrx_word' id='word_1_311' title='bbox 1441 4069 1503 4126; x_wconf 85' lang='lat' dir='ltr'><em>et...</em></span> <span class='ocrx_word' id='word_1_312' title='bbox 1515 4070 1624 4138; x_wconf 84' lang='lat' dir='ltr'><em>nostra,</em></span> <span class='ocrx_word' id='word_1_313' title='bbox 1639 4071 1671 4124; x_wconf 91' lang='lat' dir='ltr'><em>ut</em></span> <span class='ocrx_word' id='word_1_314' title='bbox 1691 4069 1741 4125; x_wconf 88' lang='lat' dir='ltr'><em>de·</em></span> 
     </span>
     <span class='ocr_line' id='line_1_36' title="bbox 85 4155 1743 4242; baseline -0.004 -23"><span class='ocrx_word' id='word_1_315' title='bbox 85 4169 241 4234; x_wconf 82' lang='lat' dir='ltr'><em>presentari</em></span> <span class='ocrx_word' id='word_1_316' title='bbox 257 4168 430 4241; x_wconf 88' lang='lat' dir='ltr'><em>conspectui</em></span> <span class='ocrx_word' id='word_1_317' title='bbox 439 4172 549 4238; x_wconf 88' lang='lat' dir='ltr'><em>restro;</em></span> <span class='ocrx_word' id='word_1_318' title='bbox 566 4169 643 4242; x_wconf 85' lang='lat' dir='ltr'><em>quod</em></span> <span class='ocrx_word' id='word_1_319' title='bbox 659 4169 681 4223; x_wconf 91' lang='lat' dir='ltr'><em>si</em></span> <span class='ocrx_word' id='word_1_320' title='bbox 697 4169 785 4224; x_wconf 90' lang='lat' dir='ltr'><em>inerit</em></span> <span class='ocrx_word' id='word_1_321' title='bbox 797 4169 889 4224; x_wconf 85' lang='lat' dir='ltr'><em>inter·</em></span> <span class='ocrx_word' id='word_1_322' title='bbox 939 4163 997 4220; x_wconf 90' lang='lat' dir='ltr'><em>cuit</em></span> <span class='ocrx_word' id='word_1_323' title='bbox 1009 4163 1038 4218; x_wconf 91' lang='lat' dir='ltr'><em>iu</em></span> <span class='ocrx_word' id='word_1_324' title='bbox 1053 4177 1120 4216; x_wconf 86' lang='lat' dir='ltr'><em>casu</em></span> <span class='ocrx_word' id='word_1_325' title='bbox 1135 4158 1199 4215; x_wconf 90' lang='lat' dir='ltr'><em>talis</em></span> <span class='ocrx_word' id='word_1_326' title='bbox 1213 4173 1357 4230; x_wconf 68' lang='lat' dir='ltr'><em>personae,</em></span> <span class='ocrx_word' id='word_1_327' title='bbox 1372 4155 1562 4230; x_wconf 84' lang='lat' dir='ltr'><em>perturbavit,</em></span> <span class='ocrx_word' id='word_1_328' title='bbox 1576 4172 1629 4232; x_wconf 90' lang='lat' dir='ltr'><em>pro</em></span> <span class='ocrx_word' id='word_1_329' title='bbox 1640 4172 1743 4231; x_wconf 75' lang='lat' dir='ltr'><em>quaer</em></span> 
     </span>
     <span class='ocr_line' id='line_1_37' title="bbox 87 4244 1786 4336; baseline -0.001 -31"><span class='ocrx_word' id='word_1_330' title='bbox 87 4251 181 4311; x_wconf 88' lang='lat' dir='ltr'><em>dictum</em></span> <span class='ocrx_word' id='word_1_331' title='bbox 197 4256 417 4330; x_wconf 87' lang='lat' dir='ltr'><em>aliquoeventu</em></span> <span class='ocrx_word' id='word_1_332' title='bbox 430 4257 891 4331; x_wconf 84' lang='lat' dir='ltr'><em>praepediente,velaliquarean-</em></span> <span class='ocrx_word' id='word_1_333' title='bbox 939 4257 1008 4309; x_wconf 90' lang='lat' dir='ltr'><em>tunc</em></span> <span class='ocrx_word' id='word_1_334' title='bbox 1036 4265 1126 4322; x_wconf 89' lang='lat' dir='ltr'><em>usque</em></span> <span class='ocrx_word' id='word_1_335' title='bbox 1147 4263 1225 4303; x_wconf 89' lang='lat' dir='ltr'><em>nunc</em></span> <span class='ocrx_word' id='word_1_336' title='bbox 1243 4245 1512 4302; x_wconf 86' lang='lat' dir='ltr'><em>consuetudinarias</em></span> <span class='ocrx_word' id='word_1_337' title='bbox 1532 4244 1743 4318; x_wconf 84' lang='lat' dir='ltr'><em>complevimus</em></span> <span class='ocrx_word' id='word_1_338' title='bbox 1784 4331 1786 4336; x_wconf 67' lang='lat'><em>,</em></span> 
     </span>
     <span class='ocr_line' id='line_1_38' title="bbox 87 4334 1743 4419; baseline -0.002 -25"><span class='ocrx_word' id='word_1_339' title='bbox 87 4343 227 4416; x_wconf 78' lang='lat' dir='ltr'><em>natatum,</em></span> <span class='ocrx_word' id='word_1_340' title='bbox 243 4348 453 4402; x_wconf 82' lang='lat' dir='ltr'><em>vestrotamen</em></span> <span class='ocrx_word' id='word_1_341' title='bbox 463 4345 805 4419; x_wconf 88' lang='lat' dir='ltr'><em>precamineiultnsiesto</em></span> <span class='ocrx_word' id='word_1_342' title='bbox 817 4345 846 4401; x_wconf 93' lang='lat' dir='ltr'><em>S.</em></span> <span class='ocrx_word' id='word_1_343' title='bbox 858 4345 889 4403; x_wconf 86' lang='lat' dir='ltr'><em>E.</em></span> <span class='ocrx_word' id='word_1_344' title='bbox 939 4339 1139 4415; x_wconf 88' lang='lat' dir='ltr'><em>precaminum</em></span> <span class='ocrx_word' id='word_1_345' title='bbox 1159 4335 1377 4404; x_wconf 88' lang='lat' dir='ltr'><em>celebrationes,</em></span> <span class='ocrx_word' id='word_1_346' title='bbox 1390 4338 1419 4390; x_wconf 93' lang='lat' dir='ltr'><em>et</em></span> <span class='ocrx_word' id='word_1_347' title='bbox 1434 4334 1465 4390; x_wconf 93' lang='lat' dir='ltr'><em>in</em></span> <span class='ocrx_word' id='word_1_348' title='bbox 1493 4350 1609 4408; x_wconf 85' lang='lat' dir='ltr'><em>semper</em></span> <span class='ocrx_word' id='word_1_349' title='bbox 1625 4334 1743 4392; x_wconf 85' lang='lat' dir='ltr'><em>annuali</em></span> 
     </span>
     <span class='ocr_line' id='line_1_39' title="bbox 87 4421 1746 4507; baseline -0.004 -22"><span class='ocrx_word' id='word_1_350' title='bbox 87 4433 188 4500; x_wconf 83' lang='lat' dir='ltr'><em>patroni</em></span> <span class='ocrx_word' id='word_1_351' title='bbox 203 4433 448 4491; x_wconf 87' lang='lat' dir='ltr'><em>nostriinteresse</em></span> <span class='ocrx_word' id='word_1_352' title='bbox 460 4451 519 4490; x_wconf 91' lang='lat' dir='ltr'><em>non</em></span> <span class='ocrx_word' id='word_1_353' title='bbox 532 4433 825 4492; x_wconf 79' lang='lat' dir='ltr'><em>dubitamus.Lil›rnm</em></span> <span class='ocrx_word' id='word_1_354' title='bbox 831 4434 890 4507; x_wconf 81' lang='lat' dir='ltr'><em>ple·</em></span> <span class='ocrx_word' id='word_1_355' title='bbox 940 4427 1118 4485; x_wconf 84' lang='lat' dir='ltr'><em>revolutione</em></span> <span class='ocrx_word' id='word_1_356' title='bbox 1133 4422 1272 4498; x_wconf 90' lang='lat' dir='ltr'><em>temporis</em></span> <span class='ocrx_word' id='word_1_357' title='bbox 1287 4421 1398 4496; x_wconf 80' lang='lat' dir='ltr'><em>vigilias</em></span> <span class='ocrx_word' id='word_1_358' title='bbox 1411 4422 1569 4496; x_wconf 84' lang='lat' dir='ltr'><em>missasque</em></span> <span class='ocrx_word' id='word_1_359' title='bbox 1584 4437 1651 4478; x_wconf 91' lang='lat' dir='ltr'><em>cum</em></span> <span class='ocrx_word' id='word_1_360' title='bbox 1666 4423 1746 4479; x_wconf 89' lang='lat' dir='ltr'><em>obla·</em></span> 
     </span>
     <span class='ocr_line' id='line_1_40' title="bbox 84 4509 1745 4597; baseline -0.004 -24"><span class='ocrx_word' id='word_1_361' title='bbox 84 4523 327 4591; x_wconf 74' lang='lat' dir='ltr'><em>mrioeecltotionis,</em></span> <span class='ocrx_word' id='word_1_362' title='bbox 341 4539 429 4597; x_wconf 82' lang='lat' dir='ltr'><em>quem</em></span> <span class='ocrx_word' id='word_1_363' title='bbox 443 4522 553 4579; x_wconf 89' lang='lat' dir='ltr'><em>dudum</em></span> <span class='ocrx_word' id='word_1_364' title='bbox 565 4522 850 4596; x_wconf 83' lang='lat' dir='ltr'><em>petiveramus,quin</em></span> <span class='ocrx_word' id='word_1_365' title='bbox 860 4522 891 4577; x_wconf 91' lang='lat' dir='ltr'><em>in</em></span> <span class='ocrx_word' id='word_1_366' title='bbox 939 4516 1066 4573; x_wconf 89' lang='lat' dir='ltr'><em>tionibus</em></span> <span class='ocrx_word' id='word_1_367' title='bbox 1080 4511 1316 4570; x_wconf 89' lang='lat' dir='ltr'><em>sciamusiecere.</em></span> <span class='ocrx_word' id='word_1_368' title='bbox 1332 4511 1416 4567; x_wconf 83' lang='lat' dir='ltr'><em>Diem</em></span> <span class='ocrx_word' id='word_1_369' title='bbox 1432 4511 1495 4566; x_wconf 84' lang='lat' dir='ltr'><em>llal.</em></span> <span class='ocrx_word' id='word_1_370' title='bbox 1503 4511 1604 4583; x_wconf 84' lang='lat' dir='ltr'><em>jubete</em></span> <span class='ocrx_word' id='word_1_371' title='bbox 1619 4509 1745 4594; x_wconf 78' lang='lat' dir='ltr'><em>conscri-</em></span> 
     </span>
     <span class='ocr_line' id='line_1_41' title="bbox 88 4599 1745 4684; baseline -0.004 -22"><span class='ocrx_word' id='word_1_372' title='bbox 88 4611 571 4681; x_wconf 87' lang='lat' dir='ltr'><em>uustranonhabeturbibliotheca,</em></span> <span class='ocrx_word' id='word_1_373' title='bbox 580 4612 764 4668; x_wconf 87' lang='lat' dir='ltr'><em>humotenus</em></span> <span class='ocrx_word' id='word_1_374' title='bbox 773 4611 891 4684; x_wconf 78' lang='lat' dir='ltr'><em>genien·</em></span> <span class='ocrx_word' id='word_1_375' title='bbox 941 4605 970 4662; x_wconf 94' lang='lat' dir='ltr'><em>bi</em></span> <span class='ocrx_word' id='word_1_376' title='bbox 981 4604 1162 4671; x_wconf 84' lang='lat' dir='ltr'><em>membrana,</em></span> <span class='ocrx_word' id='word_1_377' title='bbox 1176 4601 1316 4674; x_wconf 90' lang='lat' dir='ltr'><em>nobisque</em></span> <span class='ocrx_word' id='word_1_378' title='bbox 1331 4599 1490 4657; x_wconf 88' lang='lat' dir='ltr'><em>transmitti</em></span> <span class='ocrx_word' id='word_1_379' title='bbox 1503 4614 1557 4673; x_wconf 85' lang='lat' dir='ltr'><em>per</em></span> <span class='ocrx_word' id='word_1_380' title='bbox 1569 4603 1745 4675; x_wconf 76' lang='lat' dir='ltr'><em>presentem</em></span> 
     </span>
     <span class='ocr_line' id='line_1_42' title="bbox 86 4689 1248 4774; baseline -0.003 -20"><span class='ocrx_word' id='word_1_381' title='bbox 86 4695 167 4754; x_wconf 76' lang='lat' dir='ltr'><em>anta</em></span> <span class='ocrx_word' id='word_1_382' title='bbox 183 4700 352 4774; x_wconf 87' lang='lat' dir='ltr'><em>repetimus</em></span> <span class='ocrx_word' id='word_1_383' title='bbox 386 4705 416 4756; x_wconf 89' lang='lat' dir='ltr'><em>ut</em></span> <span class='ocrx_word' id='word_1_384' title='bbox 438 4701 522 4756; x_wconf 89' lang='lat' dir='ltr'><em>nobis</em></span> <span class='ocrx_word' id='word_1_385' title='bbox 555 4700 685 4774; x_wconf 75' lang='lat' dir='ltr'><em>praestari</em></span> <span class='ocrx_word' id='word_1_386' title='bbox 706 4697 889 4774; x_wconf 76' lang='lat' dir='ltr'><em>precipiatis.</em></span> <span class='ocrx_word' id='word_1_387' title='bbox 941 4693 1122 4768; x_wconf 81' lang='lat' dir='ltr'><em>pelligerum.</em></span> <span class='ocrx_word' id='word_1_388' title='bbox 1139 4689 1248 4747; x_wconf 63' lang='lat' dir='ltr'><em>Veleia·</em></span> 
     </span>
    </p>

    <p class='ocr_par' dir='ltr' id='par_1_16' title="bbox 89 4781 1453 4870">
     <span class='ocr_line' id='line_1_43' title="bbox 89 4781 1453 4870; baseline -0.001 -24"><span class='ocrx_word' id='word_1_389' title='bbox 89 4781 169 4846; x_wconf 75' lang='lat' dir='ltr'><em>uam</em></span> <span class='ocrx_word' id='word_1_390' title='bbox 183 4791 344 4849; x_wconf 83' lang='lat' dir='ltr'><em>celerrime</em></span> <span class='ocrx_word' id='word_1_391' title='bbox 356 4789 489 4846; x_wconf 84' lang='lat' dir='ltr'><em>videlicet</em></span> <span class='ocrx_word' id='word_1_392' title='bbox 500 4788 890 4864; x_wconf 89' lang='lat' dir='ltr'><em>possumus,conscribiiaci·</em></span> <span class='ocrx_word' id='word_1_393' title='bbox 1225 4811 1394 4870; x_wconf 57' lang='lat' dir='ltr'><em>Eppgpoffl</em></span> <span class='ocrx_word' id='word_1_394' title='bbox 1405 4811 1453 4869; x_wconf 42' lang='grc' dir='ltr'><em>ΠΙ·</em></span> 
     </span>
    </p>

    <p class='ocr_par' dir='ltr' id='par_1_17' title="bbox 87 4877 892 4966">
     <span class='ocr_line' id='line_1_44' title="bbox 87 4877 892 4966; baseline -0.001 -31"><span class='ocrx_word' id='word_1_395' title='bbox 87 4895 151 4951; x_wconf 84' lang='lat' dir='ltr'><em>nus,</em></span> <span class='ocrx_word' id='word_1_396' title='bbox 163 4884 308 4956; x_wconf 80' lang='lat' dir='ltr'><em>vobisque</em></span> <span class='ocrx_word' id='word_1_397' title='bbox 322 4882 374 4936; x_wconf 85' lang='lat' dir='ltr'><em>aut</em></span> <span class='ocrx_word' id='word_1_398' title='bbox 385 4877 439 4951; x_wconf 88' lang='lat' dir='ltr'><em>ipsi</em></span> <span class='ocrx_word' id='word_1_399' title='bbox 453 4882 614 4966; x_wconf 88' lang='lat' dir='ltr'><em>reportare,</em></span> <span class='ocrx_word' id='word_1_400' title='bbox 627 4879 677 4933; x_wconf 89' lang='lat' dir='ltr'><em>eut</em></span> <span class='ocrx_word' id='word_1_401' title='bbox 688 4894 741 4952; x_wconf 90' lang='lat' dir='ltr'><em>per</em></span> <span class='ocrx_word' id='word_1_402' title='bbox 757 4878 892 4934; x_wconf 90' lang='lat' dir='ltr'><em>nuntium</em></span> 
     </span>
    </p>
   </div>
   <div class='ocr_carea' id='block_1_11' title="bbox 88 4966 890 5039">
    <p class='ocr_par' dir='ltr' id='par_1_18' title="bbox 88 4966 890 5039">
     <span class='ocr_line' id='line_1_45' title="bbox 88 4966 890 5039; baseline 0.001 -17"><span class='ocrx_word' id='word_1_403' title='bbox 88 4973 225 5029; x_wconf 87' lang='lat' dir='ltr'><em>remittere</em></span> <span class='ocrx_word' id='word_1_404' title='bbox 238 4970 352 5027; x_wconf 86' lang='lat' dir='ltr'><em>statuto</em></span> <span class='ocrx_word' id='word_1_405' title='bbox 367 4969 501 5039; x_wconf 85' lang='lat' dir='ltr'><em>ternpore</em></span> <span class='ocrx_word' id='word_1_406' title='bbox 516 4982 576 5022; x_wconf 91' lang='lat' dir='ltr'><em>non</em></span> <span class='ocrx_word' id='word_1_407' title='bbox 606 4966 767 5023; x_wconf 83' lang='lat' dir='ltr'><em>tardamus.</em></span> <span class='ocrx_word' id='word_1_408' title='bbox 781 4966 890 5023; x_wconf 82' lang='lat' dir='ltr'><em>Veleia.</em></span> 
     </span>
    </p>
   </div>
   <div class='ocr_carea' id='block_1_12' title="bbox 89 5043 1749 5329">
    <p class='ocr_par' dir='ltr' id='par_1_19' title="bbox 89 5043 1749 5329">
     <span class='ocr_line' id='line_1_46' title="bbox 369 5043 1747 5132; baseline -0.03 -3"><span class='ocrx_word' id='word_1_409' title='bbox 369 5071 540 5129; x_wconf 71' lang='lat' dir='ltr'><em>aelstani.</em></span> <span class='ocrx_word' id='word_1_410' title='bbox 558 5072 592 5128; x_wconf 93' lang='lat' dir='ltr'><em>ll.</em></span> <span class='ocrx_word' id='word_1_411' title='bbox 943 5047 1252 5120; x_wconf 76' lang='lat' dir='ltr'><em>Marimasprotiasaqit</em></span> <span class='ocrx_word' id='word_1_412' title='bbox 1259 5061 1311 5128; x_wconf 79' lang='lat' dir='ltr'><em>pro</em></span> <span class='ocrx_word' id='word_1_413' title='bbox 1323 5046 1446 5116; x_wconf 73' lang='lat' dir='ltr'><em>fenestris</em></span> <span class='ocrx_word' id='word_1_414' title='bbox 1461 5043 1747 5132; x_wconf 40' lang='lat' dir='ltr'><em>templol&#39;epar&#39;meen.</em></span> 
     </span>
     <span class='ocr_line' id='line_1_47' title="bbox 321 5117 1749 5261; baseline -0.025 12"><span class='ocrx_word' id='word_1_415' title='bbox 321 5182 355 5222; x_wconf 66' lang='lat' dir='ltr'><em>r</em></span> <span class='ocrx_word' id='word_1_416' title='bbox 980 5117 1749 5261; x_wconf 61' lang='lat' dir='ltr'><em>ttrttrt,</em></span> 
     </span>
     <span class='ocr_line' id='line_1_48' title="bbox 89 5231 1485 5329; baseline -0.021 -16"><span class='ocrx_word' id='word_1_417' title='bbox 89 5247 128 5309; x_wconf 79' lang='lat' dir='ltr'><em>itti</em></span> <span class='ocrx_word' id='word_1_418' title='bbox 136 5275 185 5328; x_wconf 86' lang='lat' dir='ltr'><em>pro</em></span> <span class='ocrx_word' id='word_1_419' title='bbox 199 5257 331 5329; x_wconf 78' lang='lat' dir='ltr'><em>impensis</em></span> <span class='ocrx_word' id='word_1_420' title='bbox 342 5253 483 5326; x_wconf 76' lang='lat' dir='ltr'><em>favoribus</em></span> <span class='ocrx_word' id='word_1_421' title='bbox 495 5254 600 5322; x_wconf 79' lang='lat' dir='ltr'><em>pretias</em></span> <span class='ocrx_word' id='word_1_422' title='bbox 615 5252 750 5308; x_wconf 85' lang='lat' dir='ltr'><em>cumulate</em></span> <span class='ocrx_word' id='word_1_423' title='bbox 767 5252 837 5323; x_wconf 83' lang='lat' dir='ltr'><em>opit,</em></span> <span class='ocrx_word' id='word_1_424' title='bbox 851 5251 897 5307; x_wconf 87' lang='lat' dir='ltr'><em>do·</em></span> <span class='ocrx_word' id='word_1_425' title='bbox 981 5267 1055 5319; x_wconf 59' lang='lat' dir='ltr'><em>mina</em></span> <span class='ocrx_word' id='word_1_426' title='bbox 1067 5262 1176 5317; x_wconf 56' lang='lat' dir='ltr'><em>daturo,</em></span> <span class='ocrx_word' id='word_1_427' title='bbox 1191 5259 1313 5315; x_wconf 47' lang='lat' dir='ltr'><em>remma·</em></span> <span class='ocrx_word' id='word_1_428' title='bbox 1478 5231 1485 5259; x_wconf 90' lang='lat'>’</span> 
     </span>
    </p>
   </div>
   <div class='ocr_carea' id='block_1_13' title="bbox 120 5323 1750 5468">
    <p class='ocr_par' dir='ltr' id='par_1_20' title="bbox 120 5323 1750 5468">
     <span class='ocr_line' id='line_1_49' title="bbox 120 5323 1750 5468; baseline 0.005 -56"><span class='ocrx_word' id='word_1_429' title='bbox 120 5327 251 5468; x_wconf 48' lang='lat' dir='ltr'><em>Zffl&#39;ff</em></span> <span class='ocrx_word' id='word_1_430' title='bbox 264 5323 780 5468; x_wconf 45' lang='grc' dir='ltr'><em>ἑξαΐαὲζνῖᾰὲῧξωῖηζᾜαὲἇξῇζ</em></span> <span class='ocrx_word' id='word_1_431' title='bbox 794 5324 897 5450; x_wconf 44' lang='grc' dir='ltr'><em>οέιξζᾭ</em></span> <span class='ocrx_word' id='word_1_432' title='bbox 982 5367 1156 5442; x_wconf 76' lang='lat' dir='ltr'><em>Dignissimo</em></span> <span class='ocrx_word' id='word_1_433' title='bbox 1179 5365 1278 5422; x_wconf 89' lang='lat' dir='ltr'><em>comiti</em></span> <span class='ocrx_word' id='word_1_434' title='bbox 1293 5365 1436 5437; x_wconf 77' lang='lat' dir='ltr'><em>t.,gtoria</em></span> <span class='ocrx_word' id='word_1_435' title='bbox 1452 5366 1691 5423; x_wconf 89' lang='lat' dir='ltr'><em>multimodarum</em></span> <span class='ocrx_word' id='word_1_436' title='bbox 1707 5365 1750 5422; x_wconf 82' lang='lat' dir='ltr'><em>vir</em></span> 
     </span>
    </p>
   </div>
   <div class='ocr_carea' id='block_1_14' title="bbox 93 5453 1751 5720">
    <p class='ocr_par' dir='ltr' id='par_1_21' title="bbox 93 5453 1751 5720">
     <span class='ocr_line' id='line_1_50' title="bbox 121 5453 1750 5541; baseline -0.01 -14"><span class='ocrx_word' id='word_1_437' title='bbox 121 5473 256 5526; x_wconf 79' lang='lat' dir='ltr'><em>monacbis</em></span> <span class='ocrx_word' id='word_1_438' title='bbox 267 5467 407 5541; x_wconf 84' lang='lat' dir='ltr'><em>persoluto</em></span> <span class='ocrx_word' id='word_1_439' title='bbox 421 5471 474 5522; x_wconf 75' lang='lat' dir='ltr'><em>sent</em></span> <span class='ocrx_word' id='word_1_440' title='bbox 479 5466 635 5538; x_wconf 87' lang='lat' dir='ltr'><em>perscribit.</em></span> <span class='ocrx_word' id='word_1_441' title='bbox 947 5460 1038 5516; x_wconf 81' lang='lat' dir='ltr'><em>taient</em></span> <span class='ocrx_word' id='word_1_442' title='bbox 1049 5457 1155 5530; x_wconf 85' lang='lat' dir='ltr'><em>ubique</em></span> <span class='ocrx_word' id='word_1_443' title='bbox 1170 5454 1332 5512; x_wconf 77' lang='lat' dir='ltr'><em>diffamato.</em></span> <span class='ocrx_word' id='word_1_444' title='bbox 1348 5454 1438 5512; x_wconf 86' lang='lat' dir='ltr'><em>abbas</em></span> <span class='ocrx_word' id='word_1_445' title='bbox 1450 5455 1483 5511; x_wconf 89' lang='lat' dir='ltr'><em>G.</em></span> <span class='ocrx_word' id='word_1_446' title='bbox 1498 5455 1680 5527; x_wconf 77' lang='lat' dir='ltr'><em>fratrumque</em></span> <span class='ocrx_word' id='word_1_447' title='bbox 1694 5453 1750 5510; x_wconf 87' lang='lat' dir='ltr'><em>sibi</em></span> 
     </span>
     <span class='ocr_line' id='line_1_51' title="bbox 121 5541 1751 5627; baseline -0.009 -11"><span class='ocrx_word' id='word_1_448' title='bbox 121 5559 214 5616; x_wconf 70' lang='lat' dir='ltr'><em>Abbas</em></span> <span class='ocrx_word' id='word_1_449' title='bbox 228 5555 618 5622; x_wconf 87' lang='lat' dir='ltr'><em>G.,monachicicultussolo</em></span> <span class='ocrx_word' id='word_1_450' title='bbox 632 5553 752 5610; x_wconf 89' lang='lat' dir='ltr'><em>nomine</em></span> <span class='ocrx_word' id='word_1_451' title='bbox 767 5553 899 5627; x_wconf 79' lang='lat' dir='ltr'><em>provisor</em></span> <span class='ocrx_word' id='word_1_452' title='bbox 949 5549 1145 5622; x_wconf 81' lang='lat' dir='ltr'><em>subjectorum</em></span> <span class='ocrx_word' id='word_1_453' title='bbox 1168 5545 1337 5615; x_wconf 84' lang='lat' dir='ltr'><em>cenventus,</em></span> <span class='ocrx_word' id='word_1_454' title='bbox 1352 5542 1536 5602; x_wconf 88' lang='lat' dir='ltr'><em>sedulitatem</em></span> <span class='ocrx_word' id='word_1_455' title='bbox 1551 5541 1751 5618; x_wconf 88' lang='lat' dir='ltr'><em>precaminum</em></span> 
     </span>
     <span class='ocr_line' id='line_1_52' title="bbox 93 5632 1320 5720; baseline -0.011 -13"><span class='ocrx_word' id='word_1_456' title='bbox 93 5650 272 5718; x_wconf 81' lang='lat' dir='ltr'><em>mustitutns,</em></span> <span class='ocrx_word' id='word_1_457' title='bbox 283 5645 383 5704; x_wconf 85' lang='lat' dir='ltr'><em>comiti</em></span> <span class='ocrx_word' id='word_1_458' title='bbox 396 5647 443 5714; x_wconf 68' lang='lat' dir='ltr'><em>A„</em></span> <span class='ocrx_word' id='word_1_459' title='bbox 455 5647 608 5702; x_wconf 87' lang='lat' dir='ltr'><em>stemmate</em></span> <span class='ocrx_word' id='word_1_460' title='bbox 617 5659 771 5720; x_wconf 79' lang='lat' dir='ltr'><em>generoso,</em></span> <span class='ocrx_word' id='word_1_461' title='bbox 780 5659 833 5701; x_wconf 90' lang='lat' dir='ltr'><em>nec</em></span> <span class='ocrx_word' id='word_1_462' title='bbox 844 5643 899 5701; x_wconf 90' lang='lat' dir='ltr'><em>mi·</em></span> <span class='ocrx_word' id='word_1_463' title='bbox 951 5643 981 5696; x_wconf 87' lang='lat' dir='ltr'><em>et</em></span> <span class='ocrx_word' id='word_1_464' title='bbox 994 5638 1117 5696; x_wconf 89' lang='lat' dir='ltr'><em>salutem</em></span> <span class='ocrx_word' id='word_1_465' title='bbox 1131 5635 1161 5691; x_wconf 92' lang='lat' dir='ltr'><em>in</em></span> <span class='ocrx_word' id='word_1_466' title='bbox 1182 5632 1320 5693; x_wconf 85' lang='lat' dir='ltr'><em>Domino.</em></span> 
     </span>
    </p>
   </div>
   <div class='ocr_carea' id='block_1_15' title="bbox 1261 4935 1428 4980">
    <p class='ocr_par' dir='ltr' id='par_1_22' title="bbox 1261 4935 1428 4980">
     <span class='ocr_line' id='line_1_53' title="bbox 1261 4935 1428 4980; baseline 0.018 -4"><span class='ocrx_word' id='word_1_467' title='bbox 1261 4937 1296 4976; x_wconf 75' lang='lat' dir='ltr'><em>AD</em></span> <span class='ocrx_word' id='word_1_468' title='bbox 1307 4935 1428 4980; x_wconf 66' lang='lat' dir='ltr'><strong>EUKDH.</strong></span> 
     </span>
    </p>
   </div>
   <div class='ocr_carea' id='block_1_16' title="bbox 0 0 1946 6168">
    <p class='ocr_par' dir='ltr' id='par_1_23' title="bbox 0 0 1946 6168">
     <span class='ocr_line' id='line_1_54' title="bbox 0 0 1946 6168; baseline 0 0"><span class='ocrx_word' id='word_1_469' title='bbox 0 0 1946 6168; x_wconf 95' lang='lat' dir='ltr'><em> </em></span> 
     </span>
    </p>
   </div>
  </div>
 </body>
</html>
