3862 6170
76 389 112 452 pol
573 435 574 440 ,
654 381 996 446 ὓΕΒΤΑΡΗΑΝΩΟΗΙΜ.
1639 391 1692 448 0οἳ

76 531 118 581 sus,
127 513 163 568 sel
174 511 259 568 lotura
270 503 363 583 glorie
377 525 466 583 quam
481 509 507 567 ei
521 509 551 568 in
567 527 618 568 sna
630 511 836 585 predicatione
846 515 874 576 Α
886 511 1036 585 abnegatis
1046 505 1152 570 diaboli
1165 511 1289 587 pompis,
1304 515 1334 569 et
1340 512 1450 570 feroces
1465 509 1579 569 animos
1594 512 1693 570 hnmi-

74 600 266 676 proniserst.hd
276 615 363 672 quem
378 599 529 672 episcopus
542 615 550 654 t
563 599 771 672 «Non'inqnit.
782 601 837 656 hec
886 601 959 663 lians
967 600 1105 658 Creatori.
1128 601 1198 658 lluic
1213 601 1359 658 devotioni
1374 602 1562 674 congandens
1583 601 1692 674 episco-

73 688 836 761 cetparsdisns,quempollicitnssumdominomeoregi,
886 705 948 762 pus,
965 689 1108 762 protensis
1122 691 1255 746 manibus
1270 690 1300 744 in
1320 691 1442 746 sublime
1458 690 1509 746 ltei
1530 689 1692 764 potentiam

71 779 151 834 adest
172 777 287 834 Ecclesia
316 776 368 834 Dei
392 793 551 850 perquam
580 780 609 834 et
619 777 648 833 in
673 795 731 851 qna
754 777 838 834 bonis
886 775 1693 848 collaudabat,etregemhishortabaturaloquiis:chlitis

70 864 331 937 operibusacquiritur
340 865 434 937 gloria
447 865 496 922 illa
507 865 677 922 indeficiens
689 865 772 937 regni
790 881 836 921 ce·
887 863 1044 936 en,inquit,
1061 865 1174 936 depone
1187 866 1269 932 colla,
1283 864 1449 934 Sicamhcr3
1465 864 1542 920 idola
1548 865 1693 920 variacre·

68 952 132 1020 leh,
140 969 217 1024 qnam
226 952 260 1008 ab
273 951 386 1024 origine
399 953 500 1010 mundi
514 954 685 1025 preparavit
699 953 838 1010 Dominus
887 954 1065 1019 macellum
1082 969 1219 1009 venerare
1230 953 1371 1008 divinum.
1383 953 1522 1009 Pristinus
1533 968 1655 1020 errores,
1664 954 1694 1008 et

68 1041 99 1096 his
110 1041 149 1112 qni
162 1040 277 1112 ddiprnt
298 1057 377 1096 eum.
395 1063 409 1090 n
427 1043 549 1098 Tantam
573 1043 698 1115 denique
713 1043 837 1115 gratiam
885 1042 955 1097 lana
965 1042 1064 1114 priora
1077 1041 1218 1114 relinque,
1233 1044 1262 1097 et
1284 1043 1396 1098 sanctas
1410 1041 1487 1097 sedes
1504 1041 1549 1098 vel
1561 1055 1637 1094 nunc
1650 1056 1694 1096 re·

66 1128 837 1204 abministravitltominusinpopulo,utnonjamviceni
886 1127 1692 1202 novarestudeto.»lgiturrexomnipotentemDominum

9 1239 10 1296 j
66 1217 199 1273 vdmnhni
214 1217 250 1274 ad
270 1219 366 1274 locum
389 1218 549 1292 baptisterii
569 1220 770 1288 convenirent,
786 1220 837 1276 sed
885 1217 915 1274 in
932 1218 1072 1274 Trinitate
1089 1219 1235 1274 confessus
1252 1217 1467 1290 baptizatusest
1488 1222 1618 1272 asancto
1638 1218 1691 1272 lle·

66 1304 195 1360 unionem
208 1320 282 1376 pene
296 1305 442 1363 civitatem
454 1307 585 1382 inunum
600 1309 765 1365 convolasse
779 1325 838 1365 cre
886 1306 977 1379 migio
990 1307 1019 1361 in
1034 1305 1152 1362 nomine
1175 1306 1266 1362 Patris
1280 1309 1309 1360 et
1329 1305 1390 1361 Filii
1406 1308 1436 1360 et
1450 1304 1574 1377 Spiritus
1590 1303 1691 1372 sancti,

9 1467 10 1470 Ἴ
64 1393 219 1462 decennem
234 1394 346 1452 dedisse
359 1396 546 1465 sententiam,
564 1381 774 1468 paresanimos
789 1399 838 1454 ob-
886 1400 917 1450 et
930 1411 1010 1452 sacro
1023 1395 1178 1450 chrismate
1189 1393 1331 1450 delibutus
1351 1410 1417 1448 cum
1435 1393 1582 1466 signaculo
1602 1393 1692 1448 crucia

64 1481 135 1536 uisse
148 1480 281 1538 Creatori.
291 1482 425 1540 lateriori
439 1483 529 1557 igitur
543 1485 648 1558 gaudio
663 1485 837 1542 conformati
886 1482 1018 1540 videlicet
1026 1481 1141 1539 Domini
1156 1482 1247 1544 nostri
1258 1483 1324 1538 Jesn
1339 1481 1454 1538 Christi.
1474 1480 1613 1553 llaptizati
1627 1482 1694 1535 sunt

9 1613 10 1638 ,
63 1569 243 1639 applaudebant
253 1570 395 1640 inanum,
410 1575 547 1645 etregem
556 1571 692 1629 snumhis
704 1573 838 1630 adhorta
887 1568 1693 1642 deexcrcituillinsampliusqnamtriamillia,bapti2atae

9 1647 10 1688 l
62 1653 140 1710 holm
152 1657 837 1732 alloquiisrcDominusnosterrexprosequatur
886 1656 1692 1724 suntetsororesillinshlhloledisethandochildis,insu·

9 1751 10 1770 ³
62 1739 188 1813 inceptum,
214 1745 283 1818 quia
305 1749 335 1802 et
355 1763 408 1804 nos
426 1750 564 1804 mortales
586 1749 655 1805 dees
673 1749 834 1820 abjicimus,
885 1747 1202 1819 pertotuaTrancerucn
1219 1746 1350 1817 populus.
1360 1746 1432 1800 Nam
1443 1745 1584 1802 Dominus
1595 1746 1694 1798 noster

61 1846 154 1900 nugaces
165 1833 387 1903 contemnimus,
402 1837 584 1892 manufactos
594 1836 765 1908 expellimus
781 1853 788 1891 :
806 1839 870 1912 etB
884 1834 963 1890 Jesns
980 1833 1107 1890 Christus
1118 1833 1301 1890 abundanter
1314 1833 1357 1888 his
1366 1836 1497 1888 sanctam
1513 1831 1636 1903 gratiam
1646 1829 1691 1886 in·

60 1916 836 1997 bonverumquempradicatllemigiusincontamina·
884 1921 1032 1978 tundebat.
1049 1923 1106 1978 llac
1120 1922 1269 1977 occasione
1288 1938 1346 1976 suae
1363 1921 1429 1976 lldei
1445 1921 1569 1992 gratiam
1588 1921 1693 1978 Gallica

61 2007 235 2064 incredulitate
250 2010 419 2082 recipimus,
435 2017 465 2069 et
479 2029 545 2068 eum
560 2013 627 2068 lldei
648 2013 834 2070 veneratione
884 2011 1092 2069 disseminabat
1105 2010 1134 2066 in
1154 2012 1265 2066 tellure.
1283 2011 1353 2066 Ecce
1367 2025 1469 2082 regem
1483 2009 1632 2064 reddimus
1646 2010 1691 2065 in·

59 2095 250 2164 complectimur.
284 2098 364 2154 tlnnc
393 2098 482 2154 Deum
504 2100 582 2156 enim
615 2099 834 2156 Christianitatis
884 2103 1033 2162 novatum,
1052 2115 1166 2155 necesse
1180 2102 1224 2154 est
1238 2098 1279 2154 nti
1292 2102 1321 2154 et
1333 2097 1470 2171 paginam
1483 2097 1592 2170 pariter
1605 2097 1691 2152 inno·

58 2180 177 2250 cedimus,
188 2187 217 2240 et
229 2185 397 2254 moramur,
413 2191 442 2242 et
450 2187 541 2243 inhac
548 2188 689 2260 religione
700 2187 834 2260 usquead
882 2204 992 2244 vernus.
1006 2186 1062 2243 Sed
1076 2186 1405 2260 priusquietimodicurn
1420 2186 1553 2241 membra
1563 2186 1692 2240 locantes

57 2269 181 2328 nmium
200 2273 266 2330 vise
288 2289 462 2345 permanere
480 2277 573 2348 parati
595 2291 706 2332 snmus.
727 2297 742 2328 o
759 2275 833 2341 Quid
883 2270 1690 2346 resumamusssatunr,qaelaciliusdiecrastinomateria

9 2405 10 2410 ,
55 2355 833 2436 pluralvenitadbaptismnmquasinovnsssonstantinns
884 2363 1266 2422 nostraeraleamusrelerre
1281 2362 1441 2436 sequentia.

9 2697 10 2736 3
75 2674 188 2736 Nondum
197 2679 294 2738 nectis
307 2681 420 2739 detersa
428 2683 549 2758 caligine
561 2684 597 2740 ad
609 2685 831 2758 persolvendum
880 2683 933 2740 bra
947 2683 1090 2751 locavero,
1107 2682 1130 2739 si
1148 2699 1197 2739 vos
1211 2682 1370 2751 adiueritrs,
1390 2686 1419 2739 ct
1432 2681 1516 2754 jactis
1536 2683 1628 2756 globis
1646 2688 1691 2744 vel

9 2771 12 2846 p
54 2759 163 2834 debitum,
185 2767 253 2840 quia
278 2767 438 2841 importuni
451 2772 630 2828 feneratores
652 2771 782 2827 insistitis
803 2773 833 2827 et
880 2771 1033 2844 lapidibus,
1049 2787 1085 2827 ne
1101 2771 1216 2828 modico
1226 2771 1308 2844 gregi
1317 2771 1477 2840 insidietur,
1489 2771 1691 2842 lupumnobis-
1725 2841 1730 2846 ι

9 2907 10 2928 1
51 2848 187 2920 pigritantes
195 2861 279 2912 artus
286 2858 444 2927 excutitis,e
451 2860 555 2915 lectulo
565 2860 728 2916 socordiam
735 2877 832 2915 meam
881 2875 945 2915 cum
960 2860 1187 2930 exturbaveritis,
1202 2863 1270 2914 tnnc
1289 2860 1364 2914 forte
1378 2859 1496 2915 liberius
1508 2862 1596 2931 atque
1609 2875 1688 2915 com·

9 2945 11 3040 ;
51 2939 118 2994 cereis
129 2945 321 3016 asperioribus
336 2945 528 3020 increpantes,
543 2948 832 3021 curnonjamadhuc
881 2946 1145 3003 modiusexsolvere
1157 2949 1257 3019 potero
1270 2946 1347 3018 quod
1356 2946 1496 3018 repetitis.
1511 2947 1545 3000 Et
1558 2962 1595 3000 ne
1609 2944 1690 3000 vohis

9 3043 10 3052 ³
49 3039 102 3094 pene
113 3029 254 3089 dormiens
264 3035 449 3090 extenderim
464 3036 569 3109 digitos
583 3037 620 3092 ad
635 3037 830 3104 scribendum,
881 3034 979 3090 videar
1001 3035 1148 3091 innectere
1165 3036 1356 3103 mumadam
1378 3033 1555 3090 nocuiaeris
1571 3032 1691 3088 nebulas

9 3165 10 3200 1
49 3121 210 3176 manaverit
227 3122 428 3197 unusquisque
446 3127 573 3180 vestrum
591 3141 649 3198 qua
664 3124 830 3180 conditione
842 3115 866 3175 C
880 3122 1072 3178 formidantes
1087 3123 1181 3178 Austri
1199 3121 1369 3195 spiramina,
1385 3121 1433 3195 qui
1449 3138 1496 3177 cas
1520 3121 1691 3176 submoveat

9 3267 11 3278 Ι
47 3208 214 3286 mactusque
225 3210 365 3265 mercede
378 3211 536 3266 conductus
551 3211 613 3267 aliis
628 3211 734 3268 servire
749 3229 829 3270 com·
879 3211 1103 3266 velaranearum
1115 3212 1186 3268 telas
1199 3211 1370 3283 disrumpat,
1379 3209 1585 3283 qnihusherhae
1597 3209 1692 3264 solent

48 3291 142 3356 pellitur.
151 3295 231 3351 Prius
242 3297 283 3352 ad
293 3301 408 3370 pastum
423 3298 594 3355 reducemus
607 3299 741 3368 oviculas,
751 3299 830 3371 prius
879 3299 967 3368 inlici,
983 3301 1204 3372 praestolamur:
1221 3301 1283 3372 jam
1301 3316 1376 3356 nnnc
1390 3299 1419 3355 in
1435 3300 1557 3355 alteram
1576 3301 1690 3371 partem

9 3415 10 3418 ,
48 3377 162 3446 agniculos
178 3385 299 3440 modico
311 3386 383 3442 lacte
396 3387 573 3458 potabimus,
590 3388 668 3459 prius
687 3385 827 3445 ettectulo'
878 3389 1078 3446 nosducentes
1092 3390 1281 3446 consistamus
1295 3388 1325 3444 in
1336 3405 1438 3455 unum,
1452 3390 1482 3443 et
1503 3386 1623 3442 taedium
1641 3401 1690 3442 ve·

47 3473 300 3543 commutabimus,
309 3477 411 3530 etcum
419 3477 471 3532 sub
479 3475 616 3532 frondosa
623 3477 723 3532 arhors
736 3493 828 3532 mem·
878 3480 971 3535 strum
983 3479 1037 3536 hac
1059 3479 1174 3535 modica
1189 3478 1331 3536 relatione
1350 3478 1462 3534 levabo.

649 2535 834 2594 PROLOGUS
854 2537 947 2594 LIBRl
959 2537 1084 2593 TERTll.

631 3684 804 3772 LIBER
835 3684 1090 3780 TERTIUS.

69 3871 204 3951 Baptizato,
219 3885 252 3938 ut
278 3879 412 3952 diximus,
428 3899 497 3956 rege
513 3887 611 3941 nostro
632 3884 785 3955 clodoveo,
800 3887 829 3943 et
877 3885 1021 3954 videlieet,
1042 3886 1091 3960 qni
1110 3901 1225 3942 summa
1242 3888 1319 3944 sorte
1336 3885 1372 3944 de
1396 3885 1482 3958 Troja
1500 3901 1566 3941 curn
1585 3882 1690 3941 nostris

47 3961 146 4022 uiverso
171 3971 304 4027 exercitu
329 3973 390 4044 ejus
411 3989 492 4030 sacre
512 3973 666 4030 chrismate
687 3975 827 4044 delibuto,
877 3975 1050 4048 aufugerant
1074 3978 1104 4031 st
1117 3975 1316 4032 Macedoniam
1336 3974 1424 4030 armis
1442 3974 1626 4042 domuerant,
1645 3973 1690 4028 in·

46 4051 103 4107 iente
112 4058 206 4129 regium
220 4060 331 4116 dicitnr
345 4063 498 4118 exsultasse
514 4061 652 4135 tripudio,
666 4066 698 4119 ut
712 4064 741 4119 in
758 4079 828 4120 con·
876 4081 963 4139 super
989 4069 1020 4120 et
1038 4067 1235 4138 pervaserant.
1255 4064 1333 4119 Hanc
1353 4062 1528 4118 insectantes
1554 4061 1689 4129 Romani,

45 4143 115 4207 penu
128 4146 221 4204 omnis
235 4149 341 4223 populi
352 4151 413 4206 solo
427 4152 633 4222 procumbens,
646 4154 676 4208 et
693 4153 828 4225 lacrymis
878 4153 951 4210 sicut
964 4157 994 4210 et
1003 4157 1121 4211 caeteras
1135 4154 1277 4223 nationes,
1287 4152 1385 4208 multis
1400 4168 1465 4208 eam
1483 4150 1588 4224 praeliis
1607 4147 1689 4206 attri-

45 4231 162 4296 sllltrlusa
175 4236 299 4293 Domini
312 4237 497 4295 benediceret
507 4240 703 4312 majestatem,
716 4244 783 4314 qnia
797 4241 828 4299 in
878 4247 991 4313 rerunt,
1004 4243 1130 4315 captivos
1142 4259 1239 4298 secum
1253 4240 1439 4310 adducentes,
1450 4244 1479 4296 et
1491 4239 1583 4312 spolia
1597 4239 1690 4295 multa

44 4325 67 4368 Β
76 4315 191 4391 dignans
202 4325 305 4382 fuerat
316 4326 477 4399 adimplere
492 4329 569 4401 qnod
583 4328 720 4402 scripturn
729 4329 828 4386 essein
877 4330 1013 4388 ferentes.
1026 4331 1173 4388 adductus
1188 4335 1231 4388 est
1245 4331 1321 4388 inter
1335 4330 1462 4404 reliquos
1476 4345 1549 4402 puer
1569 4327 1690 4402 quidam

44 4403 162 4472 Atetstcles
170 4415 288 4487 legerat
295 4413 345 4488 qui
354 4415 436 4472 dicit:
447 4417 652 4473 Saloebimruir
660 4419 774 4489 infidelis
778 4436 828 4491 per
838 4387 865 4448 D
877 4419 1069 4477 Theodericus
1080 4420 1211 4488 nomine,
1221 4423 1251 4476 et
1264 4419 1359 4492 puella
1372 4418 1506 4492 quadam
1533 4433 1597 4491 quae
1619 4415 1690 4472 Lilia

44 4495 147 4556 natm
168 4503 290 4576 fidelem.
318 4505 357 4559 Ex
382 4507 451 4561 tunc
473 4505 649 4563 Francorum
680 4507 768 4564 virtus
799 4512 828 4564 et
878 4510 1043 4566 vocabatur.
1060 4509 1110 4566 llic
1129 4513 1206 4565 sorte
1219 4508 1353 4564 militaris
1363 4508 1469 4582 praedae
1485 4505 1612 4562 devoluti
1622 4507 1690 4560 sunt

44 4581 157 4647 ti⁰riaita
178 4593 311 4650 Domino
334 4597 507 4666 procurante
529 4596 717 4668 magnificata
741 4597 827 4654 luisse
877 4593 1690 4670 inpartemldatiipatricii‚etfideliterserviendodomini

43 4669 261 4746 stomacacen
275 4683 370 4737 selum
381 4682 481 4739 vicinae
497 4687 608 4756 gentes,
621 4702 721 4741 verum
738 4687 827 4744 etiam
877 4686 920 4741 sui
937 4685 1062 4758 gratiam
1081 4687 1208 4759 pleniter
1225 4688 1292 4742 sunt
1307 4685 1415 4759 adepti.
1429 4685 1497 4740 Erat
1514 4683 1580 4739 huic
1597 4681 1689 4738 ldatio
1730 4734 1732 4740 ,

43 4753 105 4832 longe
113 4773 231 4827 remotae
249 4786 355 4827 eornm
378 4771 519 4828 amicitias
533 4777 713 4846 expeterent,
730 4777 759 4830 et
778 4790 827 4831 eos
878 4793 948 4832 uxor
959 4792 1077 4832 nomme
1095 4776 1224 4849 Eugenia
1238 4777 1342 4832 decora
1358 4775 1450 4842 valde,
1460 4773 1510 4830 sed
1520 4771 1636 4827 sterilis.
1645 4771 1688 4827 (lb

44 4855 276 4926 wmnguinicctis
287 4858 380 4932 gratia
390 4859 584 4917 sihiloederari
597 4862 641 4916 vel
657 4862 826 4918 consortiari
875 4864 951 4920 hanc
969 4881 1085 4920 cansam
1097 4865 1310 4937 adoptaverunt
1318 4863 1371 4919 sibi
1380 4863 1411 4919 in
1426 4862 1518 4918 filium
1533 4859 1688 4917 Tbeoderi·

42 4945 157 5005 illesam.
173 4947 259 5004 Unde
276 4947 399 5021 contigit
414 4951 445 5004 ut
456 4949 648 5005 Theodericus
662 4949 749 5006 ltaliae
764 4967 825 5020 rex,
876 4969 953 5022 cum,
963 4953 1065 5009 Lilium
1075 4955 1103 5008 in
1113 4953 1214 5021 llliarn,
1229 4957 1258 5008 et
1265 4953 1403 5025 singulari
1413 4951 1566 5007 dilectione
1582 4952 1688 5006 excole·

43 5023 75 5120 lli
86 5027 110 5082 ln
125 5033 203 5090 ltalia
216 5036 320 5092 Gothis
334 5037 499 5109 imperabat
513 5041 542 5094 et
554 5039 701 5108 Romanis,
714 5039 826 5095 hande·
875 5040 957 5097 bant.
973 5041 1050 5106 Quos
1064 5058 1130 5098 cnm
1154 5040 1272 5098 amandi
1287 5043 1351 5112 lege
1370 5041 1508 5096 consueta
1530 5038 1645 5094 nutibus
1660 5041 1690 5094 et

41 5109 136 5176 mnam
150 5123 291 5180 Clodevei
305 5141 435 5182 sororem
451 5127 665 5200 adconjugium
678 5131 826 5200 expeteret
876 5130 974 5198 sibilis,
988 5131 1062 5204 J'ocis
1080 5134 1108 5186 et
1126 5131 1304 5204 amplexibus
1323 5131 1459 5186 incubare
1479 5129 1687 5200 conspicerent,

42 5201 61 5250 n
72 5207 208 5280 acciperet.
226 5214 253 5268 ls
269 5212 357 5285 igitur
376 5213 570 5272 Theodericus
585 5217 648 5289 quis
672 5217 760 5272 luerit
780 5218 824 5273 vel
875 5220 1009 5292 conjugio
1020 5220 1148 5292 copulari
1155 5221 1359 5292 permiserunt.
1370 5215 1689 5287 EtadvoeansEngenia

41 5290 95 5346 “lde
105 5300 245 5372 originem
260 5301 384 5371 duxerit,
400 5304 423 5358 si
439 5304 559 5360 modicis
572 5305 667 5360 verbis
691 5307 823 5362 evolvero
874 5310 1002 5384 puellam
1030 5309 1101 5365 dixit
1124 5310 1150 5366 ci
1178 5310 1325 5378 secretins,
1348 5327 1414 5365 cnm
1441 5309 1477 5364 ad
1503 5307 1557 5363 viri
1579 5307 1686 5361 coitum

41 5385 82 5431 ⁰⁰11
92 5386 326 5447 robisonerosurn
339 5392 490 5460 habeatur,
503 5393 663 5464 praesertim
679 5411 746 5450 cnm
760 5395 823 5450 heri
874 5398 1038 5466 accesseris,
1052 5415 1241 5471 quacumque
1254 5399 1305 5454 tibi
1318 5402 1460 5455 nocturna
1469 5395 1577 5452 visione
1588 5410 1686 5450 occur-

38 5473 193 5533 lfeniserim
203 5496 254 5534 me
276 5481 369 5553 aliqua
383 5481 542 5538 relaturum
558 5483 593 5538 de
605 5485 821 5554 opusculisvici-
873 5486 966 5541 rerinl
980 5486 1008 5541 in
1022 5486 1149 5543 crastino
1168 5487 1239 5542 mihi
1260 5487 1367 5543 celeres
1384 5486 1528 5541 universa.
1545 5483 1688 5538 Putabnnt

39 5565 118 5616 ‘imm
129 5571 275 5635 gentium.
289 5568 479 5626 Theodericus
493 5570 582 5644 igitur
599 5571 665 5641 iste,
676 5572 822 5630 ntldatins
873 5574 952 5630 enirn
974 5574 1068 5632 insani
1090 5577 1120 5630 et
1135 5576 1271 5632 vecordes
1283 5575 1417 5631 universa
1444 5570 1608 5647 provenire,
1624 5585 1688 5642 quse

37 5641 113 5724 colen,
135 5671 169 5714 ex
188 5655 380 5720 lacedem
396 5659 545 5719 descendit
562 5659 685 5740 origine,
702 5661 818 5722 illorum
877 5664 974 5740 prima
987 5660 1686 5742 noctecopuletionissomniassetmulierdespon·
