3882 6170
117 365 167 421 aas
809 362 1081 422 auotoouucus.
1718 375 1771 430 tro

116 503 142 542 se
154 486 257 542 laesisse
278 483 433 564 ignoravit.
457 484 513 540 Cur
528 484 617 556 igitur
640 501 687 540 me
714 484 917 540 declamatorie
929 489 956 546 Α
969 483 1042 538 dacii
1056 485 1228 556 cupiditates
1238 503 1302 544 suas
1316 503 1429 560 pravas,
1444 487 1497 560 ipsi
1507 484 1772 546 nitunturcondere

66 635 73 654 f
117 573 918 648 accusat‘fcurmibisoliimputatquodillumgravat‘t
969 573 1047 643 leges
1072 591 1159 630 novas
1177 591 1183 629 :
1201 576 1249 630 sed
1279 575 1531 648 Apostolusnebis
1556 578 1707 631 consulens
1733 577 1774 632 eis

116 664 154 718 dn
170 661 242 718 scire
255 665 371 736 potero,
397 661 510 734 quoties
525 662 634 734 legatos
653 661 729 730 misi,
757 662 867 734 quoties
883 663 918 716 de
969 661 1091 716 occurrit
1104 678 1110 716 :
1125 663 1157 718 Sa
1170 667 1228 736 quis
1240 665 1320 730 codas,
1331 664 1472 736 inquiens,
1487 663 1561 736 nyirrd
1575 668 1774 721 annuntiaverit

115 769 179 824 pace
195 753 308 824 rogavi,
324 752 437 824 quoties
453 769 500 807 me
522 752 681 823 supplicem
706 751 919 807 obtulitfestis
964 756 1064 820 prato
1076 750 1104 804 id
1121 751 1190 822 quod
1204 753 1347 823 acceptetis,
1364 753 1504 806 nrrntlrcmo
1534 751 1666 822 sit(Gul.,
1695 771 1714 821 r,
1735 753 1772 824 tl).

118 840 183 895 mibi
194 843 238 895 cst
250 843 326 896 Deus
342 839 431 912 quod,
450 842 526 896 salvo
547 840 612 910 jure
626 841 716 896 nostri
740 839 919 906 monasterii,

117 928 262 984 adomnia
277 945 341 1001 quae
353 928 525 1000 regulariter
537 928 706 999 injunxisset
717 928 920 1000 obtemperare

114 1019 231 1090 paratus
244 1016 297 1084 fui,
313 1019 352 1084 et,
367 1016 389 1070 si
401 1016 509 1088 aliquid
520 1017 588 1072 mali
600 1017 771 1084 commerui,
783 1019 920 1072 manente

113 1123 211 1162 rerum
228 1105 312 1180 copia
324 1105 503 1173 inconcussa,
518 1106 718 1179 episcoporum
728 1107 921 1178 justajacule·

113 1197 159 1250 lar
175 1194 205 1250 in
222 1211 271 1250 me
285 1193 445 1262 sententia;
469 1194 536 1266 quia
549 1195 608 1266 ipse
620 1196 706 1262 solos,
724 1198 754 1250 'ut
770 1194 918 1264 debuerat,

112 1299 262 1355 nunquam
272 1283 350 1354 justo
367 1283 500 1356 amplius,
527 1283 581 1338 nisi
602 1283 781 1340 clandestina
804 1301 918 1340 exsecu-

115 1370 201 1439 tione,
214 1371 244 1425 in
257 1387 304 1426 mc
316 1369 459 1426 desaeviet.
473 1371 544 1426 Novi
558 1371 635 1427 enim
653 1389 741 1444 quam
752 1375 880 1428 ausurus
889 1373 918 1428 in

114 1459 229 1514 letaldo
243 1458 403 1514 bliciacensi
427 1460 570 1515 monacho
586 1460 683 1528 fuerit,
700 1478 787 1532 quem
815 1461 920 1517 oblitus

115 1546 283 1603 reverentiae
293 1547 477 1604 sacerdotalis
491 1549 629 1620 injuriose
644 1553 673 1605 et
687 1550 748 1605 sine
770 1549 834 1606 ullis
848 1549 921 1622 legi-

971 837 1053 901 Quod
1068 841 1224 896 anathema
1239 845 1380 912 quantum
1396 841 1556 896 cavendum
1568 839 1606 896 sit
1617 841 1690 896 liber
1700 842 1775 897 ludi·

971 942 1036 981 cum
1052 927 1187 996 ostendit,
1215 928 1263 982 ubi
1284 928 1407 1000 legitur:
1425 929 1577 984 Anothnnn
1593 933 1621 984 r'n
1637 930 1721 984 medio
1737 936 1778 984 tut

970 1019 1018 1080 est,
1032 1014 1124 1080 Israel,
1140 1033 1192 1070 non
1201 1019 1300 1087 poteris
1314 1025 1384 1072 stare
1393 1035 1480 1073 cornua
1491 1019 1608 1073 inimicis
1621 1017 1775 1090 tuistlosnc

969 1120 1020 1174 vu,
1038 1103 1091 1174 ta).
1105 1104 1177 1160 Nam
1188 1105 1266 1176 quod
1278 1105 1378 1161 leviter
1387 1106 1697 1163 excommunicandum
1713 1123 1771 1162 non

970 1192 1019 1260 sit,
1031 1196 1061 1248 ct
1075 1194 1152 1266 quod
1161 1195 1325 1252 membrum
1339 1194 1442 1251 Christi
1457 1212 1607 1268 acorpore
1622 1213 1687 1252 cum
1697 1197 1776 1268 gravi

971 1282 1071 1338 dolore
1096 1284 1286 1340 resecandum
1317 1283 1363 1352 sit,
1387 1285 1575 1341 manifestum
1599 1286 1629 1341 in
1656 1285 1777 1341 concilio

970 1371 1104 1428 Africano
1120 1375 1206 1445 caput
1218 1376 1277 1428 est:
1292 1395 1306 1422 n
1322 1373 1466 1442 Quandiu,
1483 1373 1587 1447 inquit,
1611 1391 1777 1430 excommu-

971 1460 1135 1517 nicatoneu
1152 1461 1409 1518 communicaverit
1425 1479 1492 1518 suus
1507 1461 1666 1536 episcopus,
1683 1463 1778 1519 eidem

971 1549 1104 1623 episcopo
1120 1551 1156 1606 ab
1176 1550 1238 1605 aliis
1253 1567 1312 1606 non
1325 1551 1557 1608 communicetur
1571 1551 1720 1624 episcopis,
1749 1555 1780 1606 ut

116 1636 166 1691 bus
180 1636 331 1704 tractavit;
346 1635 395 1707 qui
408 1635 432 1691 si
445 1636 595 1709 epistolam
607 1638 736 1710 Gregorii
760 1638 798 1694 ad
808 1639 920 1710 Lupum
971 1637 1064 1711 magis
1083 1642 1181 1694 caveat
1203 1637 1353 1713 episcopus
1382 1657 1419 1696 ne
1443 1640 1520 1696 dicat
1543 1640 1573 1696 in
1600 1656 1779 1714 quemquam

118 1723 921 1798 abbatemlegisset,profectonunquamtantumfacinus
972 1727 1126 1798 quodaliis
1156 1727 1337 1784 documentis
1365 1729 1535 1785 convincere
1559 1746 1619 1785 non
1644 1732 1777 1802 potest.»

119 1815 320 1886 perpetrasset:
339 1835 353 1863 «
369 1812 512 1877 Quoniam
526 1815 746 1889 multaaiuquit,
758 1815 922 1873 occasiones
933 1803 960 1866 B
973 1814 1121 1886 Siquidem
1135 1816 1276 1888 quidquid
1291 1816 1321 1872 in
1332 1817 1456 1873 Ecclesia
1477 1819 1519 1886 fit,
1539 1817 1594 1874 nisi
1610 1817 1779 1874 auctoritate

120 1903 148 1958 in
163 1903 361 1974 deceptatione
375 1903 577 1974 religiosarum
592 1920 782 1975 personarum
797 1921 815 1959 a
828 1905 922 1977 pravis
974 1905 1091 1958 Patrem
1107 1904 1250 1974 fulciatur,
1267 1907 1423 1971 simulatio,
1441 1923 1500 1962 non
1514 1907 1618 1963 veritas
1622 1907 1778 1979 judicatum

123 1990 184 2058 illic,
200 1994 230 2045 ut
244 1991 359 2058 dicitur,
377 1991 545 2048 hominibus
561 1992 759 2065 exquiruntur,
774 1993 922 2065 presbyte-
976 1996 1006 2048 ct
1019 1992 1124 2050 scimus
1147 1994 1170 2050 si
1186 2011 1242 2067 qua
1257 1995 1438 2052 simulatores
1458 1999 1488 2050 et
1510 1995 1606 2051 callidi
1625 1997 1782 2069 provocant

126 2097 182 2135 rum
196 2079 339 2152 praedictas
355 2081 485 2136 Ecclesiae
497 2081 666 2136 nullomodo
682 2081 853 2154 privandum
876 2081 923 2136 de·
972 2079 1046 2137 iram
1063 2081 1124 2149 llei,
1151 2099 1187 2138 an
1212 2084 1361 2156 presbyter
1384 2085 1427 2138 vel
1452 2083 1602 2156 episcopus
1615 2083 1780 2149 habebitur,

126 2169 340 2242 ponendumque
356 2185 517 2237 censemus,
534 2169 588 2224 nisi
605 2185 689 2224 causa
704 2169 923 2242 specialitercrl·
972 2168 1022 2243 qui
1036 2173 1138 2226 contra
1153 2173 1355 2228 auctoritatem
1371 2189 1518 2229 canonum
1534 2173 1686 2228 ordinatur
1698 2172 1712 2226 ‘t
1725 2172 1781 2226 hut

128 2257 204 2312 minis
217 2257 366 2330 exigente3
382 2258 460 2313 unde
473 2263 639 2313 necesseest
652 2261 693 2328 ut,
709 2259 731 2313 si
750 2275 807 2331 qua
820 2262 921 2315 centra
973 2257 1033 2312 sina
1050 2259 1216 2315 authentica
1232 2261 1439 2332 degradatione
1448 2261 1600 2334 presbyter
1608 2261 1655 2316 uel
1671 2259 1780 2331 episco-

127 2361 185 2400 eum
198 2345 361 2417 hujusmodi
376 2348 495 2417 querela
509 2345 672 2414 surrexerit,
696 2363 755 2402 non
771 2347 847 2402 solus
861 2347 922 2418 epi·
972 2361 1025 2418 pus
1040 2347 1160 2402 cessabit
1172 2349 1207 2403 ab
1223 2349 1311 2404 oflicii
1326 2351 1368 2405 sui
1380 2351 1523 2405 muneret
1536 2348 1670 2421 Nunquid
1685 2348 1782 2403 crede-

127 2448 217 2503 scopus
229 2432 349 2488 civitatis
361 2449 476 2489 causam
491 2434 649 2500 examinet,
663 2435 713 2490 sed
724 2420 923 2491 adhibitissibi
972 2449 1036 2488 mus
1063 2437 1346 2492 excommunicatum
1374 2453 1461 2510 quem
1478 2454 1537 2493 non
1552 2437 1702 2493 remordet
1715 2453 1783 2492 con-

125 2523 288 2596 coepiscopis
312 2523 370 2578 suis
394 2524 490 2579 subtili
515 2523 734 2596 investigatione
762 2525 920 2598 perquirat,
971 2521 1091 2578 scientia
1103 2523 1232 2580 criminis
1242 2542 1295 2598 pro
1311 2542 1368 2596 quo
1382 2526 1487 2582 debeat
1501 2525 1707 2582 communione
1722 2525 1781 2596 pri-

124 2615 265 2682 qnatenus,
282 2612 391 2668 conclis
415 2612 597 2667 concorditer
612 2611 819 2684 judicantibus,
834 2630 920 2671 cann-
972 2610 1054 2666 sarit
1067 2612 1146 2666 'func
1161 2612 1240 2667 enim
1263 2613 1342 2684 justa
1365 2614 1625 2671 excommunicatio
1645 2614 1780 2686 pastoris,

123 2699 188 2756 nica
198 2701 383 2757 districtionis
393 2717 514 2756 censura
529 2704 579 2756 aut
592 2718 674 2757 reum
681 2701 768 2757 ferire
777 2706 826 2758 aut
840 2701 923 2758 inno·
973 2698 1089 2770 quando
1105 2700 1245 2756 canonica
1257 2701 1368 2756 vocatio
1382 2701 1411 2758 in
1422 2719 1505 2758 reum
1521 2702 1675 2775 precessit,
1691 2706 1721 2758 et
1734 2702 1783 2758 ille

123 2791 228 2844 ceulam
244 2790 336 2862 possit
350 2790 507 2848 absolvere.
524 2812 538 2841 n
563 2791 692 2862 Denique
707 2791 785 2863 quod
810 2807 923 2848 excom·
973 2789 1087 2842 reatum
1102 2805 1187 2844 snum
1200 2789 1252 2844 suh
1264 2789 1355 2860 judici
1369 2791 1501 2846 Ecclesia
1517 2791 1662 2864 corrigere
1677 2791 1782 2860 noluit,

123 2878 268 2933 manicatis
278 2894 325 2932 me
334 2878 480 2934 miscuisse
495 2877 604 2946 asserit,
615 2879 676 2950 ejus
686 2879 922 2952 exemploutique
973 2892 1065 2948 eoque
1079 2877 1297 2934 modoelatione
1313 2877 1458 2933 tumidum
1469 2879 1676 2934 asanisovibus
1686 2896 1783 2952 segre-

122 2964 182 3032 feci,
197 2967 245 3039 qui
259 2967 335 3022 lilios
349 2967 436 3022 Belial
456 2970 599 3023 nocturno
611 2967 763 3024 latrocinio
777 2968 806 3022 in
825 2985 922 3025 meam
973 2967 1033 3036 gat,
1046 2980 1133 3037 quem
1149 2964 1245 3020 divino
1257 2965 1365 3036 judicio
1385 2968 1600 3038 segregandum
1616 2984 1676 3022 non
1698 2967 1782 3038 igno-

121 3071 217 3110 necem
230 3059 393 3128 grassantes
406 3055 525 3126 recepit,
533 3059 688 3128 postquam
699 3073 749 3112 eos
757 3058 924 3113 anathema.
936 3089 960 3154 G
973 3056 1032 3121 rat;
1049 3057 1078 3108 et
1092 3053 1158 3125 quia
1173 3053 1203 3108 in
1230 3069 1314 3108 suum
1339 3057 1486 3126 pastorem
1517 3055 1784 3111 excommunicatus

118 3143 250 3199 tizavcrat
264 3160 331 3198 suus
344 3143 574 3216 archiepiscopus
593 3143 743 3216 singularis
769 3146 865 3202 meriti
879 3147 922 3202 Si·
962 3143 1779 3214 ¹peccaverat,eumalterabsolverenecdebuitnecpotuit.

115 3231 228 3304 gainus,
245 3235 275 3286 et
289 3231 350 3287 Odo
373 3231 596 3288 Carnotensium
616 3233 774 3306 episcopus,
795 3251 847 3289 nee
862 3253 922 3291 non
972 3231 1072 3300 Porro,
1084 3231 1247 3304 quicunque
1260 3232 1342 3287 fratri
1354 3233 1457 3288 meoin
1468 3250 1515 3288 me
1526 3231 1657 3304 peccanti
1668 3249 1783 3288 excom-

113 3325 142 3378 ct
153 3321 200 3378 alii
215 3339 332 3394 magnae
347 3321 411 3376 vitre
423 3324 452 3376 et
463 3322 589 3394 religiosi
600 3321 662 3378 viri.
672 3323 730 3378 lloc
741 3340 810 3379 sane
825 3327 921 3396 palam
973 3320 1427 3387 manicationemintorserit,nou
1436 3321 1482 3377 ille
1494 3321 1518 3375 ei
1527 3324 1676 3392 peccatum
1687 3319 1785 3376 dimit·

111 3411 260 3478 omnibus,
288 3411 360 3466 sicut
381 3427 497 3482 magna
525 3410 704 3468 auctoritatis
728 3416 780 3480 est,
804 3414 924 3468 assernit
973 3409 1782 3483 til‚sedegoinquempermultaqueexcommunica·

111 3501 190 3574 quod
207 3515 297 3556 nemo
312 3500 403 3571 possit
414 3515 481 3555 eum
489 3501 750 3568 excommunicare,
760 3501 809 3574 qui
823 3519 923 3558 eman-
972 3497 1060 3554 tionis
1085 3500 1162 3555 malo
1185 3516 1308 3572 regnum
1321 3504 1448 3555 vestrum
1461 3502 1592 3572 purgate,
1607 3497 1783 3559 serenissimi

111 3590 225 3646 dah'oni
250 3591 281 3644 et
296 3588 483 3645 satisfactioni
507 3588 642 3658 intendit,
671 3591 831 3662 praesertim
857 3608 923 3648 cum
975 3587 1127 3661 principes,
1155 3588 1221 3661 quia
1239 3589 1283 3644 vix
1298 3589 1381 3644 estin
1402 3606 1434 3644 eo
1449 3588 1550 3660 aliquis
1565 3588 1719 3644 hominum
1735 3586 1783 3660 qui

113 3695 204 3752 nsque
228 3678 266 3734 ad
285 3675 511 3734 satisfactionem
527 3695 688 3750 congruam
713 3696 795 3735 suam
811 3679 871 3752 ipse
896 3684 925 3735 ct
974 3677 1076 3731 saltem
1090 3676 1195 3732 idcirco
1205 3679 1470 3733 excommunicatus
1480 3677 1591 3746 nonsit,
1603 3676 1782 3750 quoniamin

114 3767 162 3823 alii
177 3765 306 3839 episcopi
317 3766 503 3837 praetendant
515 3766 724 3823 maledictionis
737 3769 923 3824 sententiam·
975 3764 1105 3820 convivio
1124 3767 1169 3820 vel
1183 3767 1259 3837 pacis
1273 3767 1369 3821 osculo
1385 3765 1634 3821 excommunicato
1650 3765 1781 3821 adhaesit.
1816 3828 1821 3836 ¹

118 3857 204 3912 Porro
217 3855 266 3928 qui
279 3855 324 3909 vel
339 3857 410 3927 quot
427 3854 567 3910 interesse
581 3855 707 3911 debeant
717 3873 834 3912 reorum
852 3857 924 3912 obli·
976 3854 1119 3908 Praeterea
1134 3854 1267 3909 dominos
1281 3871 1362 3909 meos
1371 3871 1436 3909 cum
1443 3855 1624 3910 familiariter
1632 3855 1782 3926 alloquens
1809 3893 1811 3898 ,

120 3943 356 4016 gationi,qoirel
374 3946 562 4016 quoteorum
578 3943 762 4013 absolutioni,
783 3961 925 4017 nusquam
974 3941 1184 4010 bonasuedc0,
1203 3945 1362 3999 multorum
1390 3944 1514 4012 animos,
1537 3943 1782 4011 scio,contrame

120 4049 165 4088 me
174 4035 277 4106 legisse
291 4032 423 4101 memini,
433 4031 488 4088 nisi
499 4032 529 4088 in
540 4033 748 4106 degradatione
758 4035 923 4093 sacerdotis.
974 4030 1099 4099 concito,
1113 4031 1194 4102 juxta
1209 4031 1279 4086 illud
1293 4031 1418 4086 Comici:

119 4121 238 4178 Tantum
250 4121 432 4194 evangelicus
442 4138 538 4178 sermo
561 4123 659 4193 prodit
670 4124 749 4195 qnod
762 4126 788 4180 si
796 4141 923 4195 peccaue-

120 4219 154 4265 nt
168 4215 226 4267 riute
234 4211 329 4282 frater
344 4216 413 4278 tuus,
427 4212 529 4283 conque
539 4228 599 4266 nam
614 4213 682 4266 inter
691 4217 716 4267 te
725 4213 813 4284 chaun
824 4213 922 4269 salutm:

120 4301 146 4355 rt
168 4306 190 4357 te
216 4299 342 4368 audierit,
380 4299 497 4355 lucratus
521 4301 572 4354 eris
592 4300 707 4369 fratrem
726 4307 823 4366 tuorna
849 4299 924 4356 sr'te
972 4298 1335 4372 Dequorumanimositate
1352 4315 1411 4354 non
1427 4300 1553 4354 multum
1568 4313 1696 4365 moveor,
1708 4297 1783 4353 decha

121 4388 306 4456 nennndierr't,
334 4387 379 4444 dic
396 4385 538 4457 Ecclesiae;
565 4387 644 4461 quod
668 4389 693 4443 si
715 4387 848 4444 ecclesiam
870 4407 923 4446 non
972 4389 1051 4446 decus
1066 4406 1162 4456 rncnm,
1179 4388 1337 4455 liodberte,
1355 4405 1441 4459 quom
1465 4390 1551 4443 atavis
1569 4386 1782 4457 rrqilnsedr'turn

121 4478 242 4546 nudent,
258 4481 292 4533 sit
313 4477 360 4532 tibi
370 4477 438 4532 siccet
453 4477 570 4532 ethnicus
588 4483 613 4532 ct
621 4476 782 4548 publicanus
809 4477 920 4548 (Macen.
974 4475 1784 4549 (28*)divinapietasperduxitadregnifastigium,sipost

121 4564 524 4638 xr111,t5,l7).Eccedivinae
541 4555 731 4620 miserationis
744 4568 853 4638 regula,
866 4583 923 4639 qua
972 4566 1064 4621 Deum
1081 4571 1109 4622 et
1133 4571 1246 4622 sanctos
1268 4567 1330 4638 ejus
1345 4569 1438 4621 vestro
1467 4566 1628 4638 specialiter
1641 4567 1783 4620 sustenter

118 4654 250 4728 jabemur
263 4665 384 4711 reorum·
396 4653 467 4709 alios
492 4653 640 4709 audientes
670 4654 719 4725 pia
743 4656 922 4712 correctione
972 4656 1075 4712 auxilio
1086 4656 1254 4723 etconsilio,
1272 4657 1351 4728 cujus
1366 4655 1547 4711 mentionem
1562 4655 1592 4710 in
1609 4653 1783 4727 quotidianis

124 4746 252 4802 secretius
275 4761 408 4817 arguere,
449 4743 519 4798 alios
547 4759 606 4799 nou
633 4743 783 4799 audientes
807 4744 922 4816 publica
972 4741 1784 4816 orationibusmeisnunquamprmtercotandemcapitu-

124 4833 279 4892 invectione
309 4834 463 4906 objurgare
489 4849 578 4905 usque
602 4833 639 4888 ad
665 4849 749 4888 aures
776 4833 918 4889 Ecclesiae.
970 4834 1052 4889 latim
1080 4834 1230 4889 subtexam
1260 4832 1326 4888 huic
1351 4832 1479 4889 indiculo
1495 4849 1559 4904 quae
1574 4831 1699 4888 maxime
1718 4831 1785 4884 sunt

126 4921 175 4979 Sed
187 4923 318 4997 nunquid
333 4921 446 4996 pubhca
460 4921 581 4977 invectio
600 4925 741 4977 secretam
765 4921 918 4994 indulgen·
971 4923 1144 4995 corrigenda
1159 4923 1187 4978 in
1204 4926 1298 4978 vestro
1312 4923 1447 4994 imperio,
1463 4939 1516 4976 nec
1532 4923 1631 4976 tamen
1646 4921 1709 4974 hnc
1719 4935 1784 4974 ver·

126 5012 201 5084 ham,
212 5013 335 5078 sustulit,
349 5012 398 5069 aut
411 5014 520 5068 secreta
534 5011 656 5067 invectio
671 5011 815 5083 publicam
829 5011 921 5068 indul·
971 5013 1014 5068 bis
1024 5012 1108 5081 meis,
1121 5013 1170 5067 sed
1184 5011 1360 5066 authenticis
1375 5015 1540 5066 sanctorum
1557 5009 1650 5077 dictis,
1664 5011 1695 5063 ut
1706 5012 1783 5080 pest-

126 5105 245 5174 gentiam
260 5101 438 5158 ademittrin
454 5102 567 5174 publica
578 5101 703 5156 invectio
717 5100 862 5174 publicam
875 5101 919 5157 in·
973 5101 1250 5173 modumcpiscopos
1260 5099 1399 5155 moveatis
1407 5101 1468 5155 haec
1479 5098 1618 5154 canonice
1627 5096 1785 5154 emendare

124 5191 307 5266 dulgentiam,
320 5194 349 5246 et
362 5193 472 5246 secreta
486 5189 754 5246 invectiosecretam
769 5189 921 5262 indulgen·
974 5191 1006 5245 in
1022 5189 1079 5245 suis
1094 5189 1231 5245 conciliis.

124 5281 189 5338 tiam
200 5280 335 5356 requirit?
348 5281 437 5336 Porro
450 5278 589 5352 quieffert
599 5295 773 5334 munussum
783 5279 819 5334 ad
829 5280 919 5335 altare
1013 5279 1150 5334 primitus
1166 5278 1201 5332 de
1218 5278 1273 5333 ude
1287 5277 1444 5332 dicendum
1457 5275 1575 5344 credidi,
1600 5292 1688 5348 quam
1705 5275 1788 5329 alter-

124 5389 178 5428 non
188 5371 226 5428 ibi
241 5367 471 5426 reconciliabitur
485 5367 556 5423 mihi
581 5383 633 5440 pro
650 5369 766 5436 scelere,
780 5386 837 5441 qua
852 5385 921 5441 pro·
975 5368 1111 5422 nantibus
1125 5366 1220 5422 choris
1236 5369 1265 5421 et
1288 5365 1316 5422 in
1343 5366 1461 5422 Francia
1488 5370 1517 5421 ct
1531 5365 1608 5436 apud
1622 5365 1785 5436 anglorum

1052 4137 1202 4202 Obsequium
1218 4137 1320 4196 amicos,
1335 4140 1426 4186 veritas
1438 4135 1609 4200 odiumparit.
1664 4163 1666 4166 ·

1130 4203 1275 4262 (Taenarius
1290 4201 1317 4248 in
1331 4199 1439 4258 Andria,
1454 4204 1505 4249 llct.
1521 4201 1538 4258 l,
1555 4213 1622 4248 scen.
1634 4211 1658 4246 v.
1671 4197 1694 4247 l.

124 5461 193 5517 ditos
216 5461 260 5516 est
273 5457 426 5514 Ecclesiae?
442 5453 550 5528 [Mettis.
564 5474 590 5524 v,
615 5456 673 5530 23.)
699 5457 885 5529 Otcrnporat
903 5475 920 5513 o
975 5456 1129 5511 Ecclesiam
1152 5455 1256 5510 variari
1269 5455 1375 5511 audivi.
1391 5454 1445 5509 dlii
1468 5453 1576 5521 dicunt,
1591 5457 1623 5508 ut
1643 5451 1779 5516 arbitror,

123 5567 229 5610 mores:
247 5549 330 5606 Certe
340 5545 389 5622 qui
397 5546 495 5604 volunt
504 5543 618 5620 exsequi
626 5544 657 5601 in
671 5544 828 5604 fabrateria
838 5563 921 5604 men·
974 5545 1131 5602 secundum
1144 5543 1344 5615 Athanasium,
1361 5542 1495 5616 «spiritus
1509 5545 1623 5600 sanctus
1636 5539 1744 5597 aPatre
1753 5538 1785 5592 ct
