3882 6170
234 389 287 451 hl?
518 388 603 462 SlLV.
619 391 643 448 ll
657 389 710 448 PP.
723 419 759 434 ·-
771 387 897 447 SPUth
911 388 979 447 AU'f
993 388 1134 449 atiani.
1146 425 1180 435 -
1194 392 1271 452 hC'f.
1288 388 1389 454 CONC.
1405 391 1599 455 causareris.
1794 409 1836 468 etc

239 516 298 573 boli
311 515 489 574 membrum.
513 516 576 572 Non
598 516 699 590 ignota
723 515 878 590 loquimur.
900 517 982 589 Regii
1008 524 1077 583 ocA
1091 535 1146 590 que
1163 519 1269 575 sororis
1284 519 1343 577 lllio
1359 517 1552 595 p'raeferendi?
1566 522 1621 589 Quo
1634 523 1838 598 ergoiurebone·

241 606 331 661 nostri
339 606 426 678 legati
434 607 557 661 ftomam
565 606 686 679 profecti
698 606 833 678 epistolas
843 607 969 678 pontifici
977 624 1040 679 por·
1090 607 1152 661 fatii
1165 625 1239 680 pape
1261 610 1409 666 decretum
1438 611 1468 666 in
1491 611 1601 667 irritum
1619 613 1787 685 devocabitur,
1801 619 1838 690 qui

240 697 429 757 rexerunt,et
441 695 477 750 ab
491 695 621 766 codigne
635 695 839 766 susceptisunt.
853 695 919 762 Sed,
935 699 964 750 ut
979 713 1039 751 cre·
1091 694 1214 764 intonat,
1231 701 1263 752 ut
1279 699 1301 752 si
1330 716 1395 754 reus
1413 700 1511 754 adesse
1529 702 1684 771 neglexerit,
1705 703 1841 761 dilationem

236 781 584 855 dimus,quiaCrescentio
594 786 673 839 rrulla
684 786 853 840 munuscula
864 785 1039 852 obtulerunt,
1091 785 1241 840 sententiae
1254 788 1297 841 vel
1314 786 1450 842 absentiae
1462 790 1653 844 nonlucrctur.
1668 789 1842 849 Nimirumbaec

234 870 427 943 pertriduum
455 890 471 928 a
495 873 603 946 palatio
623 873 734 938 seclusi,
750 873 829 928 nullo
844 889 981 945 responso
998 891 1042 928 ac·
1092 872 1206 928 decreta
1222 875 1379 944 apostolica
1404 893 1457 931 nec
1475 877 1631 949 fugientem
1650 880 1793 950 protegunt,
1804 897 1844 935 nec

236 963 319 1030 cepto
334 961 494 1017 redierunt.
511 961 595 1025 Quod
616 962 738 1033 peccatis
760 961 864 1017 nostris
890 963 1040 1034 provenire
1091 962 1253 1017 confessum
1270 964 1314 1018 vel
1328 965 1493 1021 convictum
1507 966 1628 1021 ecclesiae
1641 967 1784 1022 restituunt.
1797 968 1844 1022 boo

236 1063 297 1102 non
313 1048 433 1104 dubium
449 1052 502 1114 est,
520 1053 550 1105 ut
574 1050 708 1105 Romana
726 1051 933 1122 ecclesiaque
948 1055 1042 1106 mater
1092 1049 1178 1120 igitur
1189 1051 1255 1121 jure
1271 1052 1408 1123 spoliatus
1420 1070 1485 1108 eam
1500 1054 1617 1127 recipiet
1631 1055 1845 1126 ecclesiam,quam

238 1138 267 1191 et
282 1140 366 1208 caput
379 1137 511 1193 omnium
526 1138 713 1194 ecclesiarum
729 1141 782 1206 est,
796 1155 848 1211 per
862 1139 1040 1194 tirannidem
1092 1156 1145 1193 nec
1159 1139 1231 1195 sicut
1245 1140 1393 1215 episcopus
1406 1143 1490 1210 rexit,
1513 1145 1562 1199 sed
1583 1145 1650 1199 sieut
1665 1143 1751 1214 predo
1769 1143 1847 1198 crude-

238 1239 384 1296 oppressa,
401 1226 502 1281 omnia
518 1226 652 1282 membra
675 1226 862 1283 debilitentur
876 1227 890 1282 ‘l
905 1229 980 1294 Haec,
996 1227 1040 1282 in·
1092 1223 1214 1283 tissimus
1226 1229 1390 1298 devastavit,
1413 1231 1464 1285 sed
1488 1231 1584 1286 dicant
1607 1230 1704 1286 summi
1729 1231 1848 1302 pontifices

238 1313 518 1383 quam,omittimus,
530 1319 559 1370 et
571 1319 667 1370 tamen
681 1315 710 1370 in
722 1317 907 1370 tantarerum
923 1315 1042 1370 dilllcul-
1092 1316 1147 1372 teo
1164 1319 1193 1371 et
1208 1317 1337 1372 Zozimus
1352 1335 1532 1391 magnusque
1547 1319 1701 1391 Gregorius,
1708 1318 1801 1390 quidde
1808 1319 1848 1373 hu·

237 1401 298 1456 tate
321 1403 407 1458 sacris
433 1404 667 1476 obtemperatum
689 1404 801 1476 legibus
826 1404 988 1470 edocemus,
1010 1404 1042 1458 ut
1087 1404 1217 1474 jusmodi
1230 1406 1366 1461 confessis
1380 1409 1425 1462 vel
1439 1407 1576 1463 convictis
1590 1407 1746 1462 auctoritate
1759 1408 1848 1476 aposto-

239 1490 395 1560 apostolica
408 1492 489 1547 sedes
504 1493 533 1548 in
546 1493 656 1548 Arnulll
671 1509 756 1548 causa
767 1494 888 1548 honeste
898 1493 1042 1548 etutiliter
1093 1492 1147 1548 lica
1163 1495 1334 1548 statuerunt.
1349 1518 1363 1545 ι(
1376 1495 1557 1567 Huiusmodi,
1574 1495 1663 1568 inquit
1673 1495 1732 1562 Leo,
1742 1493 1812 1566 lapsis
1823 1493 1851 1547 ed

238 1577 282 1630 vel
299 1577 406 1633 addere
420 1580 465 1634 vel
488 1583 601 1636 mutare
624 1581 713 1637 nichil
734 1581 872 1654 potuerit,
888 1583 929 1635 vel
948 1581 1041 1636 adhuc
1093 1583 1319 1653 promerendam
1335 1583 1385 1638 Dei
1401 1583 1629 1639 misericordiam
1646 1581 1753 1638 ecclesia
1766 1580 1852 1652 privata

237 1665 335 1737 possit.
348 1666 462 1723 Sienim
471 1670 604 1742 quaedam
617 1671 788 1741 pontificum
797 1671 913 1725 decreta
926 1670 966 1724 ita
975 1672 1042 1724 sunt
1093 1671 1146 1736 est,
1163 1671 1324 1740 expetenda
1336 1671 1468 1734 secessio,
1485 1671 1533 1726 ubi
1549 1671 1603 1726 illis
1617 1669 1767 1734 satisfactio,
1780 1667 1799 1721 si
1809 1667 1853 1721 fue·

235 1755 310 1821 rata,
334 1758 363 1810 et
384 1757 518 1828 quaedam
543 1759 665 1814 eoncilia
683 1776 701 1814 a
723 1758 790 1814 sede
812 1757 970 1830 apostolica
1001 1758 1043 1813 ita
1094 1755 1132 1809 rit
1145 1756 1243 1828 digna,
1258 1755 1854 1814 sitatiamfructuosa.›>EtZozimusLazams

239 1844 470 1909 corroboratam
479 1847 581 1901 exinde
593 1847 1042 1920 permutarinichiloportcat,eo-
1055 1844 1081 1904 B
1094 1844 1202 1899 dudum
1219 1846 1247 1900 in
1262 1847 1431 1903 'taurinensi
1449 1848 1571 1903 concilio
1586 1846 1797 1919 gravissimorum
1809 1839 1856 1912 epi·

238 1947 305 1987 rum
331 1933 512 1991 decretorum
538 1939 567 1990 et
595 1937 783 1992 conciliorum
810 1939 976 1992 executores
990 1953 1042 2008 per
1093 1933 1855 2008 scoporomsententiisprocalumpniatoredampnatus.

239 2022 339 2077 omnia
353 2021 474 2080 laudeet
479 2025 600 2097 praemio
608 2026 699 2098 digni,
716 2027 932 2099 perturbatores
943 2027 1040 2080 autem
1094 2037 1159 2075 cum
1173 2022 1268 2077 Brietii
1283 2024 1446 2081 innocentis
1459 2025 1584 2098 episcopi
1600 2023 1683 2079 vitam
1697 2021 1765 2076 falsis
1783 2017 1859 2088 objec-

237 2109 421 2183 vituperandi
431 2117 461 2169 et
475 2116 608 2171 omnium
623 2132 765 2187 penarum
778 2131 885 2187 genere
898 2112 1042 2168 afficiendi
1095 2109 1221 2165 tionibus
1234 2112 1401 2184 appetisset,
1417 2117 1482 2186 post
1496 2130 1564 2169 vero
1583 2113 1619 2168 ab
1640 2110 1737 2166 eodem
1755 2106 1858 2170 Proculo,

237 2202 314 2254 sunt.
330 2201 401 2255 Item
419 2201 440 2256 si
466 2204 518 2258 sub
538 2203 709 2258 beatissimis
736 2203 919 2274 pontificibus
946 2201 1043 2272 aliqua
1094 2197 1142 2268 qui
1163 2197 1239 2253 inter
1255 2202 1365 2256 ceteros
1381 2201 1584 2274 dampnationi
1606 2201 1666 2272 ejus
1681 2199 1709 2253 in
1722 2195 1860 2269 synadens-

239 2290 446 2356 provenerunt,
461 2306 525 2360 quae
538 2308 630 2346 causae
641 2291 751 2346 Arnulfl
763 2291 867 2347 similia
883 2291 950 2358 sint,
965 2290 1042 2362 quod
1093 2290 1230 2355 senserat,
1252 2289 1445 2345 sacerdotium
1470 2294 1640 2346 consecutus
1653 2290 1704 2342 est.
1722 2287 1803 2356 Aque
1814 2281 1860 2352 ipse

240 2372 344 2430 exinde
350 2375 513 2445 judicatum
526 2381 579 2446 est,
591 2379 621 2432 in
634 2395 718 2434 causa
729 2379 841 2434 Arnulfi
852 2379 1042 2450 judicandum
1092 2373 1157 2430 vitae
1172 2393 1230 2431 suae
1246 2377 1385 2450 conscius,
1406 2378 1480 2433 datis
1501 2377 1606 2434 litteris
1631 2377 1660 2431 in
1682 2371 1861 2430 abdicationem

239 2461 349 2517 fuitdt
362 2463 530 2521 Cresconius
545 2467 705 2540 episcopus,
722 2468 789 2540 quia
801 2469 915 2524 rebellis
930 2471 958 2522 et
972 2483 1041 2522 con·
1092 2462 1134 2517 sui
1144 2467 1282 2535 sesponte
1292 2467 1445 2521 submovit.
1461 2467 1495 2521 Et
1515 2464 1669 2538 Gregorius
1683 2462 1718 2518 ad
1729 2460 1861 2517 iohannem

239 2553 414 2615 tumax‚n0n
425 2555 694 2628 contrapuineipem
706 2557 865 2612 gedeonem
880 2557 1039 2630 episcopos,
1093 2550 1342 2626 archiepiscopum
1357 2555 1460 2627 prima
1474 2554 1660 2610 fustinianae:
1672 2546 1863 2606 «Dilectissimae

240 2636 304 2706 fuit,
315 2640 352 2694 ab
360 2641 612 2714 Africanasynodo
620 2645 781 2716 judicatum
797 2649 890 2708 estut
899 2647 1041 2718 potestate
1090 2636 1196 2710 inquii,
1209 2642 1283 2697 lawr
1293 2643 1478 2715 praesentium
1491 2643 1647 2698 Nemesim
1661 2641 1697 2696 td
1711 2654 1758 2693 ¹¹⁰⁵
1770 2632 1864 2689 mntem

239 2725 377 2800 principis
389 2735 570 2787 coerceretur
593 2736 622 2787 et
640 2734 676 2789 ab
696 2734 815 2792 ecclesia
834 2733 1039 2789 excluderetur.
1092 2726 1239 2797 indicavit.
1255 2731 1328 2787 sicut
1352 2736 1381 2788 et
1396 2736 1545 2805 gestorum
1562 2727 1736 2802 exemplaria
1756 2739 1810 2796 ‘1¹¹oe
1822 2721 1865 2816 ¹¹¹¹?

241 2815 275 2870 Ei
285 2816 356 2872 ilem
374 2819 573 2876 universaliter
588 2822 737 2894 episcopos
753 2821 951 2894 conspirantes
964 2822 1042 2877 etad
1093 2814 1195 2872 detulit
1210 2819 1408 2888 continebant,
1424 2822 1545 2876 Paulum
1552 2818 1689 2875 Diaelinae
1700 2811 1808 2871 civitatis
1817 2823 1864 2879 epi·

240 2910 418 2962 conventum
444 2907 568 2962 fratrum
597 2926 715 2964 suorum
736 2910 834 2966 venire
847 2911 978 2965 nolentes
991 2925 1042 2964 sua
1092 2921 1211 2976 scopum
1224 2909 1253 2961 et
1267 2910 1331 2979 post
1346 2924 1436 2980 pauca
1451 2905 1538 2963 atiani
1550 2908 1689 2972 libellum,
1703 2904 1731 2958 in
1741 2916 1790 2974 quo
1800 2913 1828 2951 ea
1839 2894 1866 2949 de

238 2990 313 3047 forte
330 3011 366 3049 ne
381 2996 544 3067 prodantur
557 2996 666 3070 flagitia
688 3001 862 3065 metuentes,
880 2998 983 3053 eadem
996 3013 1040 3069 sy·
1094 2994 1198 3064 quibus
1214 2997 1363 3050 accusatus
1386 2997 1482 3051 fuerat
1505 3012 1575 3051 vera
1601 3011 1661 3052 esse
1688 2983 1867 3048 coufessuseet,

238 3080 331 3136 nodus
346 3086 487 3154 potestate
502 3084 639 3157 principis
665 3087 870 3154 cohercendos,
895 3103 912 3141 a
935 3084 1041 3158 princi·
1051 3127 1076 3186 c
1094 3082 1244 3140 obtulisse.
1255 3083 1549 3148 Quaderesententia
1559 3080 1763 3158 episcopaliillo
1777 3070 1869 3146 deposi-

239 3169 351 3242 palibus
361 3171 506 3228 cathedris
520 3173 725 3237 removendos,
737 3177 805 3229 etat
815 3173 937 3246 propriis
953 3173 1041 3230 etiam
1093 3174 1123 3226 to
1137 3189 1166 3226 se
1177 3174 1239 3244 ejus
1253 3174 1316 3230 loco
1331 3183 1438 3228 ³⁰⁸cum
1452 3174 1870 3231 fraternitatisvestraecousensu

239 3263 367 3328 careant,
384 3260 556 3318 auctoritate
571 3263 686 3335 publica
700 3266 731 3317 ut
744 3261 1042 3317 rcbellesauctoritate
1094 3277 1155 3316 esse
1182 3261 1349 3334 episcopum
1374 3262 1553 3319 ordinatum.
1570 3283 1585 3314 a
1602 3263 1637 3317 Et
1661 3259 1797 3317 iohannes
1812 3263 1871 3346 pape

240 3346 396 3418 apostolica
415 3349 556 3420 judicavit
582 3367 634 3423 per
651 3350 818 3406 Faustinum
834 3354 862 3404 et
877 3349 1041 3423 Philippum
1094 3351 1233 3406 universis
1248 3351 1374 3406 ecclesiis
1388 3368 1440 3424 per
1452 3351 1555 3406 Gallias
1569 3347 1741 3407 constitutis.
1750 3368 1763 3396 «
1772 3338 1873 3400 Praedlt·

241 3436 271 3488 et
283 3435 410 3491 Asellum
422 3438 613 3512 presbyteros.
628 3439 710 3504 Quod
723 3434 820 3494 aute'm
832 3439 990 3510 apostolica
1001 3454 1043 3493 se-
1093 3442 1169 3507 tum,
1184 3439 1327 3511 inquiens,
1344 3439 1595 3495 Contumeliosum
1611 3438 1773 3512 episcopum
1794 3431 1822 3483 ut
1832 3426 1874 3479 ha·

241 3519 291 3576 des
303 3521 331 3577 in
348 3523 533 3581 Cresconium
548 3527 616 3583 fecit
629 3530 658 3583 ot
672 3529 700 3582 in
715 3527 786 3583 alios
797 3526 858 3582 fleri
868 3526 974 3594 docuit,
988 3526 1042 3582 hoc
1094 3528 1162 3583 beat
1176 3528 1339 3600 poenitendi
1354 3527 1513 3595 licentiam,
1539 3527 1710 3599 petitorium
1729 3519 1803 3577 vobis
1819 3515 1874 3570 dare

240 3607 319 3666 idem
335 3609 364 3666 in
380 3614 500 3669 Arnulfo
528 3632 643 3671 somma
672 3616 823 3689 diligentia
844 3614 1043 3670 fuitobserva·
1093 3632 1256 3684 censemus,
1276 3615 1324 3672 ubi
1353 3632 1483 3672 errorem
1500 3633 1587 3671 suum
1603 3615 1751 3672 evidenter
1763 3607 1873 3678 ιιΙΙίειῡῠι

240 3699 321 3766 tum;
339 3699 420 3756 idest
437 3702 504 3774 quia
526 3704 563 3758 ad
582 3705 705 3759 fratrum
725 3719 843 3759 suorum
868 3705 1042 3758 conventum
1093 3705 1146 3758 sub
1161 3703 1207 3759 die
1222 3705 1393 3777 profit-catur
1407 3707 1437 3759 et
1458 3705 1587 3760 consule.
1607 3725 1621 3754 e
1639 3705 1712 3767 lton,
1735 3693 1821 3769 inquii
1838 3704 1876 3744 ⁰³·

241 3787 363 3858 emplius
377 3806 467 3861 quam
481 3807 534 3861 per
548 3791 617 3847 anili
639 3792 764 3864 spatium
787 3791 922 3846 invitatus
944 3791 1042 3846 venire
1093 3791 1283 3864 lumpniator,
1298 3793 1393 3864 potuit
1408 3792 1545 3847 ltrnulfus
1557 3809 1589 3848 se
1619 3793 1714 3865 ipsum
1738 3787 1876 3854 dampnare

239 3877 424 3947 contempsit,
438 3883 467 3935 et
480 3879 600 3950 insuper
615 3881 644 3936 in
661 3879 823 3953 principem
834 3896 917 3935 suum
929 3879 1043 3934 rebellis
1092 3880 1154 3936 sine
1168 3881 1415 3952 apostolicaesedis
1427 3880 1694 3953 legat0.Quomodo
1706 3873 1877 3947 argobazarus

241 3964 271 4016 et
292 3965 370 4020 urbis
394 3983 427 4040 ae
452 3968 553 4041 patriae
574 3967 708 4040 proditor
723 3967 826 4034 extitit,
843 3967 979 4040 principis
992 3983 1043 4038 po·
1092 3968 1721 4039 quomodol’aulosetContumeliosus‚etot
1736 3950 1877 4034 propitiettl

240 4053 341 4108 testate
356 4055 517 4112 necessaria
530 4058 640 4129 synodo
656 4059 877 4128 repraesentatus
891 4057 1041 4127 astatque
1092 4072 1208 4112 causam
1239 4056 1420 4124 accedamus,
1442 4057 1590 4128 quomodo
1607 4057 1669 4111 Eho
1686 4055 1832 4108 Remorum
1845 4055 1879 4140 tf·

239 4139 338 4198 habita
359 4145 536 4217 cognitione,
557 4147 650 4221 qualis
678 4147 773 4201 fuerat
792 4145 957 4202 diffamatus
976 4144 1041 4199 talis
1092 4144 1289 4218 cbiepiscopus
1303 4145 1317 4199 ‘l
1332 4144 1361 4201 si
1372 4145 1451 4199 enim
1462 4144 1655 4200 hrnutfonon
1668 4141 1758 4203 licuit,
1770 4131 1877 4192 neeiltvs·

241 4229 329 4285 etiam
348 4235 390 4286 est
416 4250 466 4288 sua
492 4236 671 4306 professione
694 4236 831 4291 detectus.
863 4233 919 4289 Sed
947 4232 1041 4305 inquit
1093 4233 1149 4289 Sed
1165 4232 1478 4288 manifestumestillis
1493 4231 1615 4289 licuisse.
1634 4227 1802 4287 Licetenim
1816 4219 1879 4276 mels

240 4317 371 4375 emulus:
385 4321 447 4376 Non
459 4321 725 4395 potuitdijudlcari;
741 4323 890 4379 ecclesiam
910 4322 1039 4393 recipiat,
1095 4321 1260 4395 relinquere
1274 4324 1304 4376 et
1314 4322 1393 4376 bona
1406 4321 1503 4376 facere
1524 4321 1587 4376 siue
1603 4319 1770 4394 apostolicae
1783 4309 1849 4369 sedis
1858 4306 1879 4360 le

241 4405 298 4460 suis
311 4406 418 4464 viribus
432 4412 585 4484 resumptis
600 4412 715 4485 suisque
729 4412 778 4468 diu
799 4412 918 4467 retentis
931 4410 1040 4480 amicis,
1093 4413 1160 4482 gato
1174 4412 1204 4464 et
1218 4409 1398 4465 auctoritate.
1416 4411 1452 4464 nt
1466 4409 1658 4466 criminosum
1675 4409 1705 4464 in
1720 4403 1816 4462 ordine
1827 4409 1882 4471 pon·

241 4493 429 4565 adjudicium
441 4502 623 4570 provocetur.
636 4500 780 4564 Quidnam
792 4503 836 4556 est
846 4503 998 4555 armatusa
1010 4499 1043 4554 ti·
1093 4498 1192 4554 tilicali
1208 4503 1283 4554 stare
1299 4499 1410 4553 malurn
1424 4501 1478 4564 est,
1495 4501 1524 4553 et
1535 4497 1615 4555 abeo
1629 4497 1767 4554 recedere
1779 4492 1882 4579 bonum:

241 4581 365 4638 renuide
375 4585 533 4642 removeri?
541 4589 701 4643 lmmonon
711 4588 794 4644 aliter
802 4605 890 4660 quam
906 4587 1044 4659 spoliatus
1056 4589 1083 4650 D
1094 4588 1171 4642 bene
1187 4587 1276 4658 igitur
1289 4586 1429 4642 Arnulfus
1443 4585 1521 4654 fecit,
1537 4587 1560 4641 si
1572 4588 1609 4642 ab
1626 4586 1732 4642 ordine
1746 4571 1884 4654 pontificat!

240 4671 335 4743 potuit
350 4671 664 4748 dijudicari.Sedaeque
672 4675 803 4732 tirannus
812 4676 1045 4748 armiscircump·
1095 4667 1221 4742 recessit,
1235 4675 1265 4730 in
1282 4690 1340 4748 quo
1353 4674 1525 4731 criminosus
1537 4679 1614 4730 stare
1630 4689 1692 4729 non
1707 4669 1807 4746 potuit.
1822 4666 1886 4720 Bene

240 4765 336 4832 septus
351 4779 504 4836 nunquam
517 4763 710 4837 adjudicium
729 4765 823 4834 potuit
842 4764 956 4822 adduci.
970 4764 1045 4829 Ouid
1095 4763 1225 4837 reliquit,
1243 4764 1320 4838 quod
1336 4768 1437 4821 eontra
1448 4763 1751 4819 divinasetbumanas
1765 4760 1886 4828 legesl)er

241 4852 284 4905 est
304 4855 403 4909 autem
429 4852 555 4910 eeclesiae
584 4853 722 4926 receptio,
747 4852 850 4910 virium
873 4854 1044 4926 resumptio,
1096 4854 1196 4911 dolum
1211 4853 1331 4924 accepit.
1347 4853 1403 4908 Cur
1416 4869 1485 4924 ergo
1501 4844 1835 4924 calumpniatordoquil,
1847 4839 1889 4896 dt·

240 4938 403 4996 amicorum
417 4941 553 5011 retentio,
562 4941 617 4997 nisi
630 4942 660 4996 in
672 4957 756 5014 reges
767 4944 880 4998 nostros
893 4942 1045 4999 tirannidis
1095 4944 1205 4998 tinetur
1220 4941 1301 4998 omni
1316 4943 1458 5014 potestate
1484 4944 1594 5010 erutus,
1610 4957 1646 4996 ae
1662 4956 1724 4996 non
1739 4934 1830 5010 potius
1841 4940 1888 5000 qvo

241 5027 365 5086 extincte
393 5030 581 5100 resuscitatio,
601 5031 773 5102 injuriarum
797 5032 879 5100 ultio,
901 5033 1044 5089 malorum
1095 5030 1254 5086 velitabire
1269 5029 1476 5102 permittitur?
1500 5029 1653 5098 Videlicet,
1679 5027 1750 5102 quia
1773 5017 1891 5079 Euthiees

239 5117 409 5188 sublevatio,
425 5121 571 5178 bonorum
581 5120 713 5176 omnium
722 5121 893 5195 oppressio?
908 5121 964 5178 Sed
972 5122 1045 5178 obsi·
1097 5118 1327 5177 archimandrita
1342 5119 1372 5174 in
1387 5120 1498 5190 synodo
1514 5117 1663 5191 depositus
1674 5117 1712 5172 ab
1730 5111 1892 5187 imperatore

241 5206 335 5276 dibus,
351 5207 456 5281 inquit,
476 5213 506 5264 et
534 5209 723 5266 sacramentis
747 5209 926 5283 astringatur
946 5211 1046 5267 multis
1097 5213 1141 5266 est
1161 5208 1305 5278 directus;
1328 5207 1379 5264 sed
1394 5208 1471 5262 bunc
1496 5222 1621 5279 magnus
1641 5207 1701 5262 Leo
1717 5218 1793 5278 papa
1808 5196 1843 5254 ad
1856 5207 1894 5249 re·

241 5294 344 5350 modis.
361 5297 435 5352 Num
466 5298 550 5370 plura
578 5304 608 5354 et
635 5298 781 5356 validioris
807 5297 923 5370 generis
950 5315 1044 5354 sacra·
1097 5296 1559 5370 motioraducijubet,neineo
1580 5295 1706 5351 saeviens
1724 5291 1893 5350 morbussu⁰

200 5415 209 5434 ·
241 5387 343 5440 menta
355 5386 497 5457 repperiri
512 5391 651 5459 poterunt
665 5393 732 5444 ante
745 5387 888 5460 prolatis‘l
902 5387 976 5440 Num
993 5387 1044 5442 ob·
1098 5387 1232 5460 contagio
1248 5388 1318 5443 alios
1339 5389 1548 5458 corrumperet.
1561 5386 1640 5441 Juste
1661 5400 1733 5458 ergo
1749 5377 1894 5439 detinetur,

243 5472 317 5529 sides
330 5473 428 5530 fratris
442 5455 504 5546 ej⁸as
518 5475 652 5532 Richardi
667 5477 801 5550 episcopo
819 5475 947 5531 brunoni
973 5475 1046 5547 ejus·
1098 5476 1247 5546 quiadhac
1257 5464 1896 5547 necempatriaemeditatur,suosquesatellites

901 5603 1020 5659 VARlAE
1038 5601 1238 5660 LECTlONES.

279 5707 316 5742 ⁸⁰⁸
328 5699 425 5756 locum
440 5699 528 5756 codes.
