3882 6170
222 405 275 464 iss

654 402 685 467 S.
699 403 846 464 ABBONIS
867 405 1015 464 honours
1029 406 1173 466 aeolus
1189 405 1450 467 ELORlAGENSlS.
1796 419 1842 478 llo

218 545 283 606 ego,
293 525 344 588 sed
353 527 506 601 Apostolus
519 525 648 602 loquitur
663 529 741 604 quod
755 531 847 586 metat
861 530 1024 602 corruptio·
1036 537 1063 598 Α
1076 531 1130 606 ipsi
1141 548 1201 589 uon
1210 531 1842 606 peccandoconsumantlluidaolemeslinloco

219 636 287 675 nem
302 617 376 692 (Gal.
395 634 431 686 vr,
448 617 486 690 8).
504 617 594 689 Elapit
610 636 656 674 nos
672 623 700 674 in
716 618 821 674 Clsrr'sto
844 622 920 676 Deus
940 621 1026 675 Pater
1076 627 1175 679 sancto
1192 623 1369 678 manducare
1390 621 1564 693 peceatum?
1584 622 1658 677 locus
1675 629 1732 680 erat
1748 633 1845 684 sanctus

218 716 280 766 onte
289 709 501 764 constitutionem
517 708 651 776 terrendum
665 727 777 762 essemus
792 711 879 763 suncti
892 715 916 762 et
930 710 1026 763 immu-

218 799 303 854 culati
314 813 404 850 eoram
419 813 447 849 eo
468 796 549 867 (Eplt.
567 815 586 866 r,
607 800 646 868 4).
662 797 870 852 Ambulaaimus
886 799 913 850 in
928 814 1025 851 coneu-

214 886 348 958 pisaenliis
361 885 449 938 carnis
460 885 589 955 sumentes
609 886 774 939 saluritatem
797 887 854 956 ejus
880 891 904 938 et
926 887 1026 954 copita-

218 979 336 1042 tionum3
353 979 377 1028 et
390 974 492 1044 sunnin
507 975 560 1042 filii
576 976 620 1027 ira
632 973 699 1028 sicut
712 980 736 1027 et
759 975 864 1040 eninm
890 988 962 1028 nuuc
975 991 1024 1026 cu-

220 1073 271 1119 tem
286 1078 347 1117 cum
360 1063 524 1116 resuscitavit
539 1069 563 1116 et
577 1063 713 1118 consedere
733 1079 779 1116 nos
791 1063 857 1133 fecit
871 1065 899 1116 in
917 1062 1024 1118 coelesti-

221 1149 426 1208 insincerum
441 1150 505 1204 desu
519 1150 629 1222 (Eplres.
643 1168 674 1218 11,
689 1153 716 1213 3,
730 1155 756 1218 5,
772 1153 809 1216 6),
825 1157 854 1204 ut
866 1149 1026 1222 deponamus

218 1241 360 1298 secundum
371 1242 488 1312 priorem
507 1243 732 1296 conversationem
746 1247 859 1294 ueterem
881 1241 1025 1308 hominem,

1075 711 1106 765 in
1115 727 1203 784 quem
1211 713 1381 783 pervenerat
1387 710 1504 781 Moyses,
1515 710 1665 765 secundum
1675 713 1744 783 quod
1754 714 1845 771 dictum

1075 802 1118 853 est
1131 800 1167 854 ad
1182 815 1249 854 eum
1265 815 1272 854 ε
1290 799 1375 854 Locus
1389 800 1462 854 enim
1477 800 1506 852 io
1519 815 1570 870 quo
1580 805 1631 852 stas
1647 806 1711 854 terro
1721 810 1801 856 saneta
1817 812 1847 858 est

1076 887 1232 959 (Euodus,
1257 887 1295 960 5).
1322 887 1461 944 Similiter
1481 903 1551 959 ergo
1576 889 1605 944 el
1628 887 1656 942 in
1674 887 1784 945 Ecclesia
1805 893 1847 947 llei

1075 978 1154 1032 locus
1176 981 1291 1032 sanctus
1315 979 1367 1043 est,
1390 975 1462 1032 fides
1482 975 1618 1047 perlecta,
1642 978 1669 1031 sl
1690 978 1800 1033 charitas
1816 981 1846 1035 de

1076 1065 1163 1121 corde
1178 1081 1249 1136 puro
1265 1069 1294 1120 et
1307 1063 1483 1120 conscientia
1498 1064 1589 1132 hona,
1604 1064 1650 1136 qui
1664 1064 1693 1119 io
1706 1065 1745 1121 his
1756 1068 1846 1132 statio

1077 1154 1210 1223 Ecclesia,
1229 1154 1259 1210 in
1274 1156 1337 1210 loeo
1352 1170 1381 1209 se
1398 1157 1496 1208 saucio
1511 1156 1587 1210 stare
1598 1159 1752 1225 cognoscat.
1762 1175 1777 1207 v
1789 1158 1849 1210 llam

1077 1245 1244 1316 postpauca
1260 1260 1266 1298 :
1282 1265 1296 1294 u
1312 1244 1429 1298 Disoant
1443 1243 1605 1298 sacerdotes
1623 1241 1732 1297 Domini
1749 1243 1792 1315 qui
1809 1244 1851 1296 Ee-

220 1334 268 1405 qui
278 1332 457 1401 corrumpitur
468 1329 547 1400 juata
559 1329 687 1383 desiderio
702 1331 791 1383 earnis
804 1327 901 1398 (leta,
918 1345 954 1395 ιν,
970 1329 1025 1398 22).

223 1419 406 1491 Quocunque
425 1434 494 1488 ergo
517 1420 583 1471 sunt
607 1434 683 1486 vere,
710 1434 889 1490 quaecunque
912 1416 1026 1488 pudica,

1078 1331 1169 1386 clesiis
1178 1335 1315 1403 praesunt,
1327 1332 1395 1403 quia
1404 1346 1471 1402 pars
1480 1333 1520 1386 eis
1530 1332 1598 1387 data
1613 1333 1654 1385 est
1668 1347 1729 1385 curn
1743 1331 1783 1385 his
1793 1347 1852 1402 quo-

1077 1435 1143 1474 rum
1162 1420 1266 1476 doliola
1287 1421 1532 1492 repropitiaverint
1553 1420 1646 1489 (Helr.
1666 1436 1694 1486 u,
1714 1418 1754 1489 ll)
1773 1435 1779 1473 :
1798 1418 1854 1488 quid

224 1523 403 1581 quaecuuque
420 1507 507 1578 justa,
525 1523 705 1578 quaecunque
721 1505 759 1560 ad
770 1506 932 1560 castitatem
942 1505 1028 1577 perli-
1078 1512 1175 1564 autem
1200 1512 1243 1563 est
1262 1508 1458 1580 repropitiare
1483 1506 1644 1563 doliolum?
1659 1507 1681 1562 si
1694 1509 1857 1578 assumpseris

224 1596 334 1664 ruentia,
350 1597 393 1650 liis
408 1597 588 1668 copulemur,
604 1595 665 1649 hmo
681 1611 865 1666 sequamur·
1079 1601 1275 1669 peccatorem,
1292 1601 1320 1651 et
1331 1597 1492 1662 monendo,
1505 1595 1660 1661 hortando,
1676 1595 1805 1660 docendo,
1819 1593 1857 1648 in·

260 1688 293 1741 D.
309 1683 478 1739 Ambrosius
503 1683 539 1738 ad
555 1684 796 1738 pammachium:
815 1683 1029 1755 «Consequens
1080 1685 1217 1740 struendo
1230 1685 1383 1740 adduxeris
1395 1701 1462 1738 eum
1476 1682 1858 1755 adpoenilentiam,aherrore

225 1777 267 1830 est
281 1776 313 1829 ul
329 1773 487 1827 secundum
500 1771 661 1843 imaginem
681 1773 742 1844 ejus
762 1772 810 1844 qui
833 1771 1027 1826 sacerdotium
1080 1757 1251 1840 correxeris,
1268 1790 1285 1828 a
1304 1773 1377 1828 vitiis
1399 1772 1609 1838 emendaveris,
1626 1775 1655 1826 el
1675 1770 1793 1826 effeceris
1806 1785 1859 1823 eom

225 1861 356 1918 Ecclesiae
370 1861 460 1929 dedit,
473 1860 561 1916 eliam
577 1861 702 1915 ministri
715 1863 744 1914 et
759 1860 922 1916 sacerdotes
937 1861 1030 1915 Eccle·
1045 1864 1169 1922 Btalem
1191 1865 1223 1916 ut
1239 1862 1266 1916 ei
1289 1877 1427 1916 converso
1450 1860 1593 1932 propitius
1620 1860 1680 1922 fiat,
1707 1875 1756 1930 pro
1774 1857 1861 1912 delicto

225 1952 273 2007 siae
284 1953 401 2023 peecata
413 1950 511 2022 populi
525 1949 676 2021 accipiant,
694 1952 722 2004 et
736 1949 804 2020 ipsi,
821 1949 966 2005 imitantes
978 1949 1031 2004 lla·
1081 1949 1285 2023 repropitiasse
1299 1949 1411 2004 diceris.
1426 1949 1455 2005 Si
1472 1965 1541 2021 ergo
1559 1949 1624 2004 talis
1639 1947 1725 2003 fueris
1740 1947 1861 2012 sacerdos,

225 2041 358 2113 gistrum,
370 2039 571 2094 renrissionem
581 2040 687 2112 populo
695 2038 1029 2109 peccalorumtrihuant,
1081 2043 1110 2095 et
1125 2040 1189 2094 talis
1204 2038 1293 2094 luerit
1307 2038 1440 2093 doctrina
1452 2041 1501 2093 lua
1516 2040 1545 2092 et
1559 2053 1657 2093 sermo
1666 2038 1739 2102 tuus,
1750 2049 1810 2105 pars
1820 2034 1864 2088 tihi

225 2131 337 2186 Debent
347 2144 416 2201 ergo
432 2131 461 2182 et
469 2128 522 2202 ipsi
533 2128 663 2182 Ecclesiae
678 2127 841 2182 sacerdotes
858 2127 898 2182 ita
909 2125 1031 2198 perfecti
1082 2128 1166 2183 datur
1181 2143 1280 2184 eorum
1296 2143 1368 2198 quos
1380 2125 1548 2192 correxeris,
1565 2129 1599 2180 ul
1612 2125 1726 2180 illorum
1744 2122 1862 2177 moritum

226 2236 298 2288 esse,
310 2218 375 2274 etin
387 2216 488 2272 ciliciis
497 2217 722 2272 sacerdotalibus
733 2216 850 2284 eruditi,
868 2219 898 2270 ut
913 2215 1031 2287 peccata
1081 2216 1132 2270 tua
1144 2214 1303 2270 marcessit
1316 2217 1346 2270 el
1359 2213 1476 2270 illorum
1491 2215 1578 2282 salus,
1593 2215 1645 2268 tua
1658 2210 1757 2284 gloria.
1771 2228 1786 2267 v

225 2300 1029 2381 populiinlocosaucto,iuatriistabernaculiloslimonii

936 2609 1105 2667 uersuum
1120 2609 1173 2669 llll.

519 2741 564 2790 AD
586 2740 723 2790 LEONEM
743 2741 901 2793 mearum
917 2745 1049 2794 nouam
1065 2747 1186 2796 elueri
1199 2747 1368 2797 eumenen
1391 2748 1612 2798 uouaeruuu.

529 2831 745 2930 (Apud'llabill.
760 2855 865 2914 Annei.
877 2858 936 2928 ord,
950 2857 982 2915 S.
1000 2857 1114 2929 Bened,
1125 2863 1199 2916 tom.
1213 2859 1257 2929 lV,
1270 2859 1416 2934 Append,
1435 2875 1502 2933 pag.
1519 2861 1584 2917 oet.

259 3037 411 3096 racundiae
426 3033 619 3110 praerogativa
633 3049 700 3091 eum
718 3034 783 3092 vita
802 3037 907 3094 merito
927 3041 958 3094 et
981 3055 1029 3094 sa·
1085 3039 1874 3112 nouminusadimplere,siheusroluerit,octogenum

224 3128 341 3202 pientiae
352 3127 483 3184 doctriua
501 3124 674 3181 mirabiliter
692 3123 840 3181 intonanti
863 3126 983 3183 domino
1000 3127 1031 3185 L.
1082 3130 1172 3184 vitam
1188 3133 1360 3202 perpetuam
1376 3127 1500 3184 mercari
1512 3145 1545 3183 er
1559 3132 1640 3184 volo.
1651 3125 1876 3183 Pretiosarumre·

225 3217 468 3276 Sanetissonilecii
481 3215 719 3272 charissimorum
734 3215 1030 3286 charissimo,ahhati,
1082 3217 1237 3291 liquiaram
1252 3217 1441 3274 sanctiPatris
1457 3217 1607 3272 Benedicti
1624 3215 1752 3287 insignia
1765 3209 1876 3285 postula·

225 3306 414 3365 Floriaeeusis
429 3303 554 3361 coenobii
564 3302 681 3359 humilis
700 3301 789 3359 abbas
801 3305 877 3358 Aoeo
893 3303 1032 3375 Spiritum
1084 3305 1134 3361 slis
1148 3305 1228 3361 vohis
1237 3305 1333 3378 dirigi,
1351 3305 1473 3377 eoquod
1487 3305 1688 3360 indubitatum
1699 3299 1877 3376 penitusessel

226 3397 353 3464 Domini,
365 3395 413 3468 qui
422 3393 542 3464 replevit
556 3393 654 3447 orbem
672 3395 828 3459 terrorum,
838 3394 1033 3465 replereillius
1049 3412 1072 3472 ρ
1085 3395 1296 3450 sanctissimam
1311 3393 1400 3466 ipsius
1419 3391 1548 3464 corporis
1558 3391 1747 3465 presentiam
1769 3405 1785 3442 a
1808 3384 1880 3440 nohis

225 3485 314 3558 ipsius
326 3482 477 3538 scientiam
493 3492 521 3536 et
532 3480 723 3536 intellectum.
1083 3482 1212 3551 retineri,
1222 3483 1345 3561 ideoque
1359 3482 1430 3537 velle
1446 3480 1557 3535 enixius
1572 3481 1602 3535 in
1615 3481 1728 3535 honore
1742 3475 1813 3531 illins
1824 3487 1878 3527 ora·

265 3571 404 3638 Charitas,
417 3586 481 3643 quie
492 3568 684 3624 estvinculum
693 3568 888 3639 perfeetionis,
897 3571 966 3626 dum
979 3587 1032 3626 nos
1084 3570 1191 3626 terium
1203 3571 1341 3637 construi,
1350 3570 1477 3642 itemque
1490 3568 1574 3623 nohis
1585 3569 1622 3624 de
1637 3569 1737 3622 sancto
1748 3559 1880 3620 Bonilaoio

228 3658 437 3720 emhosllemis
457 3658 566 3731 positos
585 3657 801 3730 conglutinaret
817 3659 900 3714 labiis
912 3660 1030 3733 privatae
1083 3663 1133 3714 aut
1144 3659 1179 3714 de
1194 3659 1283 3714 sacris
1297 3659 1415 3713 artubus
1436 3662 1609 3712 ceterorum
1626 3659 1793 3711 sanctorum
1811 3646 1880 3704 uobis

228 3748 436 3815 collocutionis,
457 3749 500 3801 tot
529 3745 671 3801 oratorios
699 3748 786 3816 rivos,
806 3750 902 3803 tantos
924 3752 1031 3804 sanctae
1083 3733 1886 3819 eademrecompensarihdJ'ecitinsuperincomparahilis

228 3837 473 3913 Scripturaeiavos
485 3835 633 3890 honozelo
655 3834 796 3891 fulminea
815 3836 915 3908 lingua
938 3843 1032 3892 vestra
1083 3837 1196 3892 boisilus
1204 3837 1307 3909 quodsi
1320 3837 1583 3906 nosurgerelsuper
1592 3849 1625 3888 re
1634 3825 1884 3896 domestioaaliqua

229 3928 474 3986 eructavitcoram
486 3927 644 3991 etsecret0,
653 3927 685 3978 ut
694 3926 860 3980 exclamans
870 3927 1031 3998 compellar
1083 3926 1214 3980 voluntas
1223 3925 1413 3981 corroborare
1423 3921 1686 3994 nostraprivilegia
1699 3917 1883 3991 perhumana

230 4019 324 4074 dicere
340 4034 346 4072 :
364 4016 473 4088 Diffusa
490 4020 527 4068 est
545 4013 636 4083 pratia
657 4014 685 4066 in
706 4012 781 4066 latiis
803 4016 854 4068 tuis
867 4031 876 4080 ,·
891 4022 1032 4086 propterea
1084 4014 1262 4069 auctoritatis
1273 4015 1377 4084 stylum
1393 4011 1598 4084 apostolicum,
1615 4025 1667 4064 vos
1681 4009 1711 4063 in
1726 4002 1885 4062 omnihuset

232 4107 364 4164 leirerlirit
388 4113 411 4160 te
429 4104 502 4158 Deus
527 4104 555 4156 v'n
571 4109 710 4156 aternum.
728 4102 804 4157 Dum
820 4119 889 4174 ergo
915 4104 952 4158 ad
965 4105 1033 4158 talia
1084 4103 1244 4173 peremnia
1255 4101 1415 4156 uostriiore
1426 4095 1889 4167 fidelissimumcollaboratorem¹

231 4195 415 4253 rutilantium
431 4193 584 4248 verberum
597 4189 712 4260 fulgura
723 4191 829 4262 stupui,
840 4195 954 4247 coactus
969 4208 1033 4247 sum
1085 4192 1149 4246 llaec
1165 4195 1262 4246 autem
1275 4189 1374 4246 ornnia
1389 4189 1526 4260 perficere
1541 4187 1600 4242 voli
1615 4189 1691 4252 erat,
1710 4181 1824 4256 quando
1836 4191 1889 4232 rna.

232 4286 368 4354 doinceps
376 4281 481 4354 ubique
491 4278 624 4335 confiteri
636 4295 685 4333 vos
694 4278 856 4335 tonitruum
868 4297 929 4336 esso
945 4280 1034 4353 Spiri·
1086 4281 1191 4353 gnifica
1201 4280 1541 4352 principisopostolorum
1553 4277 1693 4332 membra
1704 4271 1819 4344 supplex
1829 4263 1888 4321 adiit

233 4376 278 4426 lus
291 4370 393 4440 saneti,
414 4367 462 4441 qui
484 4384 569 4440 super
588 4367 732 4440 apostoles
760 4368 789 4422 in
815 4369 908 4440 igneis
929 4369 1036 4442 linguis
1087 4370 1137 4424 sod
1148 4371 1310 4425 Romanam
1326 4367 1485 4423 Ecclesiam
1503 4366 1595 4438 digno
1611 4363 1764 4418 viduatam
1777 4361 1889 4432 pastore,

234 4459 393 4526 descendit,
403 4457 451 4530 qui
460 4457 547 4511 etiam
556 4473 604 4512 vos
615 4456 768 4511 ardentem
778 4457 992 4530 rhomphaeam,
1000 4459 1037 4513 ad
1089 4459 1232 4531 heu‚proh
1241 4456 1332 4512 dolorl
1342 4455 1567 4511 olleudi.Vestra
1578 4457 1681 4508 autom
1692 4445 1830 4512 absentia,
1838 4455 1891 4514 pru

121 4558 127 4564 '
234 4545 571 4619 secandosimprohosde
582 4546 1039 4618 templosuo,septemdouisgra·
1084 4531 1183 4614 litem,
1200 4547 1240 4600 ila
1252 4546 1369 4600 allectus
1384 4559 1447 4598 sum
1464 4545 1537 4597 siout
1552 4541 1629 4596 solet
1654 4538 1732 4594 alfici
1757 4537 1828 4592 letus
1841 4529 1892 4602 gal·

235 4639 341 4694 tiorum
353 4633 1038 4705 decenterelimavit.luterhaeelandem,erectis
1089 4635 1166 4702 lina,
1179 4649 1360 4706 conquerens
1379 4631 1474 4687 raucis
1489 4629 1624 4685 faucibus
1640 4629 1820 4683 abstractum
1843 4630 1894 4714 esse¹

236 4727 325 4784 animi
338 4725 506 4794 luminibus,
520 4724 626 4778 solares
639 4728 740 4780 vestrae
755 4727 927 4798 eloquentie
942 4727 1076 4795 radiosl)
1092 4725 1208 4780 unicum
1221 4723 1322 4779 matris
1333 4739 1392 4777 suaa
1403 4719 1571 4794 praesidium
1586 4719 1692 4790 Nuper
1705 4707 1896 4771 autemaudiu

236 4813 465 4890 aquilinisooulis
474 4811 641 4883 corispicere
652 4813 742 4882 rolui;
759 4817 788 4868 et
802 4813 874 4870 sicut
885 4814 925 4870 ait
941 4815 1038 4871 Eccle-
1092 4811 1318 4884 nuntium,quod
1331 4827 1377 4866 me
1389 4808 1545 4865 latillcavit
1557 4823 1650 4879 super
1662 4819 1770 4861 aurum
1780 4804 1807 4855 el
1822 4803 1896 4867 lopa-

236 4903 345 4972 siastes,
357 4901 456 4958 Frater
473 4901 587 4972 fratrem
612 4901 747 4972 adjuvans
763 4905 841 4975 quasi
864 4905 961 4960 civitas
980 4923 1040 4960 mu·
1092 4896 1578 4970 aium,erectumesseapostolicum
1591 4885 1898 4964 decusperquemdam

236 4997 293 5048 nita
305 4999 330 5048 et
337 4991 564 5064 sortis,baculum
575 4991 861 5063 rohustiadjutoriiet
871 4995 1038 5050 columnam
1092 4990 1250 5064 imperialis
1263 4988 1412 5059 sanguinis
1421 4987 1525 5050 virum,
1539 4988 1639 5039 totum
1653 4979 1810 5038 virtutibus
1822 4976 1850 5029 et
1860 4985 1898 5068 sa·

235 5080 435 5155 inseparabilis
453 5079 586 5136 amicitie
600 5095 650 5136 ros
664 5079 694 5136 in
710 5083 864 5150 aeternum,
889 5083 912 5138 si
932 5084 1038 5154 placet,
1092 5081 1202 5156 pientia
1222 5077 1427 5151 compositum.
1444 5075 1543 5130 Vester
1559 5088 1628 5128 vero
1643 5070 1760 5126 reditus
1784 5061 1901 5121 intonuit

236 5173 344 5228 hahere
354 5169 476 5226 decrevi.
489 5168 578 5242 llujm
592 5168 634 5225 rei
645 5169 739 5242 gratia
753 5170 838 5228 ilecto
854 5187 951 5243 genua
973 5188 1040 5228 mea
1092 5169 1184 5227 menti
1198 5172 1304 5224 nostras
1318 5167 1395 5222 velut
1411 5162 1600 5238 paradisiaca
1613 5156 1794 5216 reversionis
1809 5148 1900 5207 inelle-

236 5260 447 5328 adl’atrem,ul
457 5259 506 5315 del
516 5258 595 5314 vohis
606 5258 635 5314 id
647 5259 741 5330 ipsum
753 5275 855 5332 sapere
872 5276 926 5332 per
941 5261 1039 5316 Domi·
1091 5261 1159 5317 hilis
1172 5260 1338 5315 concentus.
1350 5257 1430 5310 Nunc
1443 5253 1543 5326 igitur,
1562 5251 1639 5307 siout
1654 5247 1746 5306 locuti
1762 5257 1857 5302 sumus
1871 5235 1902 5292 ad

235 5365 308 5404 num
324 5351 455 5405 nostrum
469 5348 567 5404 lesum
582 5347 739 5416 Christum,
759 5351 791 5405 ul
804 5349 885 5404 favus
898 5349 1041 5405 distillans
1092 5349 1227 5416 invicem,
1239 5352 1269 5402 et
1280 5348 1342 5403 haee
1356 5345 1479 5419 epistola
1489 5341 1589 5398 vestris
1602 5339 1779 5412 aspectibus
1793 5349 1822 5388 se
1837 5343 1902 5402 pru·

234 5437 415 5496 lublavestra
430 5436 601 5494 memoriale
617 5437 934 5494 nostrumhaeredilare
948 5439 1037 5511 possi-
1094 5442 1198 5506 sentat,
1214 5454 1265 5511 per
1280 5436 1333 5491 hos
1354 5435 1444 5490 saneti
1465 5432 1554 5506 patris
1577 5426 1734 5485 Benedicti
1754 5418 1904 5518 monaehps

237 5527 360 5585 deantiu
370 5527 666 5600 sempiternasaeoula.
678 5528 756 5582 luter
770 5525 927 5583 familiaria
940 5529 1041 5585 verbo·
1095 5527 1194 5584 audire
1203 5517 1358 5599 placeat,et
1369 5523 1468 5578 audita
1478 5519 1719 5594 perlicere,velul
1730 5509 1902 5606 promisistis,

235 5635 303 5674 rum
327 5623 493 5674 nostrorum
514 5633 620 5672 arcana
634 5614 781 5672 distillavit
799 5615 915 5671 ourihus
938 5617 1044 5672 nostris
1095 5635 1161 5674 cum
1176 5603 1292 5673 summa
1306 5615 1363 5668 lldo
1379 5615 1408 5667 et
1429 5611 1593 5666 devotione.
1617 5608 1684 5679 lpse
1710 5605 1810 5658 alitem
1833 5595 1902 5650 rilem

236 5723 329 5766 uuum
335 5708 483 5784 quoddam
489 5704 1046 5780 eloquiumvestramaguisseenliaquod
1096 5707 1230 5782 Spiritus,
1241 5704 1289 5779 qui
1300 5702 1450 5776 inspiravit
1460 5700 1557 5758 ansuis
1569 5691 1834 5770 eloquenliaellore
1847 5687 1906 5741 Gre-
