3992 6180
265 395 333 458 isat
370 375 373 384 ’
757 399 948 460 -rararuaar
961 401 1265 462 oaassaoaccusrs
1278 401 1434 464 crisconi
1818 415 1869 476 aa

269 525 437 586 Alexandri.
455 524 587 588 Crastino
600 527 655 588 fnit
665 531 818 591 Dominica
831 531 892 592 dies
912 535 942 591 et
959 526 1103 591 festivi-A
1119 532 1278 606 magnifice
1293 534 1455 608 succeptus,
1476 533 1547 592 does
1558 531 1598 592 ibi
1622 535 1779 594 servorun
1798 541 1870 598 nete

263 615 313 699 'tas
328 614 433 672 Christi
447 619 584 692 martyris
598 620 657 678 Viti
672 631 720 666 ¹⁸⁰·
734 623 911 695 (duasepist
922 623 1066 696 egovalde
1130 622 1247 690 mansit,
1264 640 1296 680 ac
1318 623 1359 680 nil
1373 623 1483 681 ibidem
1498 623 1658 698 proficiens,
1676 625 1817 683 muneribus
1827 643 1870 684 ms

265 718 353 759 meae
370 703 490 764 inissem
511 708 704 768 confratribus
724 711 798 768 meis
817 711 939 780 cantavi,
959 714 1067 786 etpost
1117 710 1183 782 gnis
1208 712 1371 769 revertitur.
1402 712 1490 770 afluit
1517 729 1585 770 mor
1598 713 1868 786 expeditionisiodicta

217 850 227 866 ‚
261 792 338 848 hanc
351 791 381 848 in
395 795 497 852 urbem
509 798 603 856 vocati
618 799 723 856 ivimus
731 817 821 874 osque
836 800 873 856 ad
888 800 1065 857 caminatam
1118 797 1147 869 (f.
1160 799 1230 872 ftt')
1242 802 1349 857 statute
1365 801 1425 858 dies
1436 801 1518 858 idest
1531 801 1674 858 Kalendas
1688 802 1804 874 Augudi3
1812 804 1870 874 juxta

261 880 355 953 regis;
373 885 402 940 et
415 883 456 941 ibi
469 887 546 944 scius
562 887 768 946 intromittitur
786 889 957 957 walterdus,
983 893 1012 945 ei
1025 888 1065 946 ibi
1116 887 1212 944 locum
1236 896 1285 932 ¹⁸¹⁰
1299 890 1348 964 qui
1376 889 1480 946 dicitur
1494 889 1611 946 zribenz
1636 890 1703 960 (776)
1715 890 1869 958 convenimur,

263 983 354 1041 usque
366 971 403 1028 ed
418 973 538 1032 terciam
556 977 608 1034 soli
623 978 865 1051 colloquebantur
888 981 917 1034 et
936 994 1066 1051 egressus
1115 977 1145 1030 et
1160 975 1199 1032 sic
1214 993 1327 1034 sursum
1343 995 1432 1052 osque
1446 993 1538 1052 prope
1564 978 1692 1051 belegori
1713 987 1756 1022 ¹⁸¹⁴
1769 979 1871 1036 adano

263 1060 504 1119 tuncWelterdus
513 1055 632 1122 anulum
639 1067 771 1138 portatio
783 1069 1067 1134 menusua,eiosten·
1116 1079 1190 1122 mus.
1202 1065 1281 1122 Tunc
1295 1066 1389 1123 visum
1403 1070 1447 1124 est
1460 1067 1640 1142 principibus
1652 1075 1698 1110 ¹⁸¹¹
1712 1083 1765 1123 ηηη
1778 1083 1826 1123 esse
1835 1067 1871 1122 bo

262 1145 335 1202 dens
351 1149 436 1206 nobis
452 1165 459 1207 τ
473 1149 662 1222 resecarem,
679 1154 791 1228 inquid,
803 1156 903 1227 piperata
915 1154 1066 1210 subsecuta·
1116 1168 1187 1208 num
1202 1153 1300 1224 perfici
1321 1155 1378 1211 iter
1400 1158 1544 1222 nostrum,
1571 1155 1622 1210 sed
1637 1153 1747 1228 optimis
1759 1155 1872 1210 marchan

263 1251 301 1290 re
310 1237 436 1308 pictatiil
452 1248 500 1284 ¹⁸⁰⁷
517 1243 552 1298 Et
566 1248 635 1299 tunc
654 1260 757 1300 omnes
770 1261 824 1300 nos
835 1243 864 1298 in
878 1241 1064 1318 presentiam
1114 1239 1225 1296 firmari
1236 1241 1378 1314 presidiis.
1394 1243 1428 1299 Et
1440 1244 1470 1300 ia
1493 1243 1680 1315 consequenti
1704 1244 1778 1298 nocte
1792 1241 1873 1298 urbia·
1953 1231 1954 1280 Ὗ

260 1322 425 1396 venientes,
442 1329 656 1388 examinatione
666 1332 752 1406 regis,
768 1332 830 1404 ipso
847 1330 982 1404 primitus
997 1347 1065 1386 eom
1114 1326 1246 1400 piscopos
1257 1330 1352 1403 capite
1366 1330 1453 1388 nimis
1468 1330 1648 1399 infirmatum
1661 1345 1774 1403 cumque
1786 1329 1873 1386 adeun

259 1411 410 1483 laudante,
427 1418 590 1488 predictum
606 1425 720 1493 petrem
733 1420 883 1494 elegimus,
910 1422 939 1475 et
961 1419 1063 1492 optimi
1115 1430 1201 1471 mane
1214 1416 1368 1486 venissem,
1399 1418 1448 1475 diu
1476 1435 1543 1474 eum
1560 1417 1591 1474 in
1611 1417 1873 1474 tentorioiardanten

261 1500 370 1574 quique
384 1504 567 1577 aspirabant;
587 1511 693 1566 etmox
703 1525 798 1582 erege
809 1506 1062 1580 aceepitbaculum
1115 1505 1272 1576 expectavi,
1292 1507 1426 1578 Egressus
1436 1507 1557 1564 tandmn
1566 1506 1696 1580 queritur
1704 1505 1778 1573 mihi,
1790 1505 1875 1560 mmd-

261 1589 440 1658 pastoralem
452 1601 507 1647 ¹⁸⁰⁸.
524 1597 591 1651 Post
600 1600 816 1654 sacramentum
829 1596 917 1668 regiae
928 1595 1064 1667 potestati
1113 1597 1178 1648 tum
1190 1596 1346 1665 egrotasse.
1364 1594 1501 1652 Promisit
1514 1598 1613 1652 autem
1632 1611 1665 1651 se
1681 1593 1717 1650 ed
1731 1593 1840 1664 reginem
1854 1593 1875 1646 ia

260 1675 423 1734 exhibitum
436 1680 666 1740 introductuscst
681 1683 716 1740 ad
736 1684 905 1752 aecclesiam,
921 1699 1009 1754 quam
1024 1682 1064 1738 ibi
1114 1679 1278 1754 hterseburg
1297 1685 1369 1738 ione
1392 1686 1562 1740 manentem
1582 1686 1742 1748 ventorum,
1763 1679 1875 1736 etibine

261 1777 279 1814 η
292 1778 362 1836 rege
378 1770 571 1828 constructam
591 1776 755 1830 antecessor
773 1757 840 1829 suos
865 1771 1023 1840 benedixit,
1037 1774 1067 1826 et
1079 1812 1104 1871 B
1115 1767 1318 1826 allocuturum.
1334 1771 1413 1826 Tunc
1430 1788 1485 1844 ego
1500 1772 1621 1840 abcessi,
1645 1774 1674 1827 et
1686 1770 1725 1827 illi
1738 1770 1805 1844 prius
1815 1783 1876 1824 meu·

260 1850 323 1908 leus
335 1854 460 1916 Domino
476 1860 688 1932 apresentibos
699 1861 822 1920 canitur.
835 1861 945 1920 Deinde
955 1861 1065 1932 regiam
1116 1872 1193 1924 saus,
1204 1859 1304 1914 tamen
1332 1858 1400 1932 quia
1417 1859 1546 1916 inventio
1574 1858 1678 1916 Christi
1704 1854 1877 1932 protomartiris

260 1936 488 2016 interpellabam
501 1947 649 2020 pietatem,
666 1953 697 2006 ot
710 1951 747 2006 de
764 1950 898 2008 aecclesier
914 1949 1068 2006 necessita·
1117 1946 1285 2002 tuncfuitet
1295 1947 1446 2004 Dominica
1454 1947 1665 2020 discrutatur.
1678 1947 1878 2020 s),niarncn·

259 2026 337 2086 tibus
353 2049 427 2090 meos
442 2034 552 2108 aliquid
569 2037 648 2111 loqui
663 2053 729 2094 cnm
751 2054 786 2095 eo
807 2046 854 2082 ¹⁸⁰⁸
873 2038 1043 2111 dignaretur
1058 2065 1066 2117 3
1118 2024 1198 2103 tavit,
1215 2051 1267 2106 pro
1283 2035 1383 2094 dolorl
1400 2035 1546 2092 ultimam.
1560 2035 1662 2093 bieria
1675 2037 1756 2107 (Aue.
1766 2038 1788 2102 7(
1803 2030 1878 2105 egoad

264 2119 294 2171 et
303 2121 336 2174 ot
348 2136 403 2193 ego
418 2124 612 2196 postulabam,
628 2126 723 2182 tirmae
737 2125 843 2183 suimet
860 2126 1005 2184 commisit
1019 2143 1067 2184 me
1116 2120 1283 2195 iderseborg
1295 2124 1424 2192 veniens,
1438 2125 1508 2180 dum
1519 2140 1641 2180 mecum
1648 2119 1879 2182 confratribusneis
1953 2171 1954 2200 ,

258 2205 340 2264 iidei.
354 2208 538 2268 Thiedricum
554 2229 669 2289 quoque
687 2217 824 2287 nepotem
842 2231 952 2283 meum,
968 2214 1066 2288 utipse
1116 2210 1154 2266 ad
1168 2209 1397 2282 adventumejos
1411 2209 1880 2284 prepararemaudiviebintemun-
1953 2203 1954 2260 l

262 2293 449 2366 desideravit,
466 2288 495 2372 [f.
515 2303 585 2366 777)
598 2319 649 2381 rex
665 2319 717 2376 per
734 2319 839 2359 manus
856 2301 897 2358 illi
923 2302 1013 2359 dedit.
1033 2304 1067 2358 Et
1116 2296 1163 2352 tiis
1179 2298 1257 2370 quod
1272 2299 1320 2354 illc
1332 2299 1369 2355 ad
1380 2300 1541 2356 ivicansten
1555 2317 1615 2356 non
1631 2301 1706 2357 hene
1720 2299 1806 2355 valens
1817 2311 1879 2352 curro

260 2398 327 2440 cum
342 2402 465 2458 generos
490 2389 566 2461 (774)
580 2389 686 2446 suimet
712 2394 782 2446 tunc
807 2391 912 2447 iterum
939 2390 1066 2446 exercitu
1115 2385 1236 2443 veniret·
1250 2386 1384 2444 Proxima
1403 2387 1450 2443 die
1464 2389 1520 2444 huc
1539 2387 1685 2462 equitans,
1711 2384 1879 2443 &litwardum

260 2473 361 2542 petere
373 2473 518 2542 voluisset,
531 2479 597 2532 com
612 2477 795 2548 presentibus
812 2478 918 2536 suimet
929 2478 1066 2551 principi·
1116 2483 1174 2542 ¹⁸¹⁴,
1190 2475 1472 2532 hillinissemmensis
1493 2477 1629 2532 ecclesiae
1644 2477 1801 2551 episcopum
1819 2489 1881 2529 cause

262 2557 315 2615 bos
326 2566 384 2626 ¹⁸¹⁰,
400 2560 525 2631 qualiter
538 2563 695 2620 Bolizlavus
710 2565 800 2622 alr¹⁸¹⁰
812 2564 857 2621 his
869 2565 1064 2634 invaderetur,
1114 2562 1325 2620 benedictionis
1340 2566 1378 2631 et,
1401 2581 1488 2638 quam
1504 2573 1553 2608 ¹⁸¹⁸
1566 2564 1643 2621 berre
1657 2565 1770 2629 sciebat,
1783 2560 1880 2618 curado·

261 2646 635 2708 conumeraremus
661 2652 876 2727 archiepiscopo
898 2653 1010 2711 noviter
1023 2653 1065 2710 ia·
1113 2651 1158 2708 nis
1175 2651 1421 2724 gratiavocatum,
1430 2652 1539 2710 ibidem
1552 2652 1682 2725 repperi,
1693 2649 1881 2709 eilrithericon

261 2732 362 2791 stituto
375 2737 404 2790 et
422 2753 487 2794 suas
502 2740 597 2795 curtes
615 2739 644 2796 ia
661 2741 786 2798 Sasonis
800 2742 908 2812 positas
922 2749 970 2786 ¹³¹¹
983 2757 1064 2798 com·
1114 2739 1262 2809 comitem,
1278 2741 1358 2812 eujus
1371 2741 1463 2797 frater
1477 2744 1541 2798 erat
1554 2741 1740 2798 Dedicomes.
1751 2735 1881 2794 Etrunia-

262 2821 420 2879 mendavit.
436 2824 545 2882 Eodem
557 2827 603 2883 die
627 2844 733 2885 omnes
759 2828 966 2886 declinavimus
980 2846 1064 2886 onos·
1113 2827 1245 2895 troirem,
1270 2827 1390 2884 sedebat
1416 2827 1649 2902 archiepiscopus
1663 2828 1693 2884 io
1713 2826 1789 2895 solio,
1803 2827 1828 2881 et
1848 2837 1882 2879 me

262 2908 382 2984 quisque
395 2912 432 2968 ad
442 2929 503 2970 sua.
518 2914 550 2969 lo
563 2915 695 2986 proximo
719 2919 819 2972 autem
843 2917 964 2980 sabbato
984 2915 1063 2989 (Juc.
1113 2914 1285 2986 suscipiebat
1300 2931 1388 2987 qoam
1401 2915 1559 2983 caritative,
1576 2918 1605 2972 et
1620 2916 1727 2974 suimet
1744 2913 1821 2988 pedes
1832 2915 1882 2966 tune

260 2998 306 3068 21)
323 2999 552 3072 archipresulem
565 3001 743 3062 walterdum
757 3006 892 3062 eraclius
908 3007 1004 3078 presul
1016 3013 1063 3049 ¹⁸¹⁸
1113 3006 1260 3059 atumcre
1279 3010 1327 3046 ¹³¹⁸
1342 3003 1425 3059 solite
1440 3005 1582 3062 relaxatos
1608 3003 1748 3074 intuetur,
1769 3005 1796 3059 et
1814 2999 1882 3062 delet,

257 3087 341 3158 jarem
354 3088 432 3161 regis
454 3088 669 3160 inthronizavit,
697 3097 727 3148 ei
750 3093 865 3166 utrique
890 3094 1002 3150 honore
1030 3093 1097 3154 acC
1113 3090 1190 3164 quia,
1207 3091 1278 3146 dum
1304 3091 1345 3147 hii
1372 3092 1538 3164 turgebant,
1552 3095 1657 3149 venter
1675 3092 1760 3148 levius
1781 3087 1880 3144 habebat

259 3189 371 3248 magas
382 3175 566 3247 jocunditate
579 3179 618 3236 ibi
634 3181 757 3254 suscepti
772 3185 848 3238 sunt.
875 3183 994 3238 Postera
1016 3182 1063 3239 die
1112 3179 1236 3250 ejus¹⁸¹⁸.
1247 3179 1435 3236 intimaverat
1448 3180 1548 3236 istunc
1558 3179 1641 3247 mibi,
1653 3180 1678 3236 si
1689 3179 1743 3236 boc
1754 3175 1882 3251 pauculum

262 3261 339 3332 (Jun.
348 3267 390 3334 22]
400 3269 505 3322 unctos
520 3271 563 3323 est
579 3270 740 3326 walterdus
754 3270 792 3327 ab
807 3270 889 3339 Eido,
915 3269 1062 3326 llisnensis
1112 3283 1198 3322 sanos
1207 3266 1352 3336 evaderet,
1367 3269 1462 3322 nullus
1475 3268 1639 3325 amicornm
1648 3267 1720 3324 mihi
1733 3265 1883 3322 fidelioressc

259 3358 307 3395 ¹⁸¹⁴
322 3353 457 3410 [ecclesius
470 3356 628 3413 venerabili
643 3357 777 3430 episcopo
790 3358 887 3423 tertio,
898 3375 965 3415 cum
980 3358 1062 3429 adjo-
1111 3353 1261 3427 potuisset.
1276 3355 1325 3410 Fui
1342 3358 1409 3411 ione
1423 3354 1532 3412 ibidem
1548 3372 1639 3429 usque
1660 3355 1699 3412 ad
1713 3350 1884 3428 vesperemel

259 3439 336 3496 torio
365 3441 471 3497 suimet
494 3443 674 3502 confratrum
702 3444 842 3517 wigonis,
863 3445 1063 3504 llilliwardiae
1112 3446 1175 3499 tum
1189 3442 1294 3500 invitos
1309 3442 1393 3510 redii,
1407 3437 1883 3517 quiacrastinoeralvigiliatfltt)

260 3525 364 3593 llerici,
378 3530 406 3583 et
421 3544 497 3585 ame
511 3529 567 3586 hiis
581 3532 707 3589 multum
719 3531 860 3589 inferiori.
883 3533 998 3606 Adjuvii
1011 3552 1063 3592 eo·
1113 3531 1216 3588 Christi
1231 3531 1335 3587 adletae
1348 3531 1505 3601 Laurentii,
1523 3532 1603 3604 cujus
1614 3531 1754 3589 festivitas
1762 3525 1884 3586 Dominica

259 3614 320 3668 tem
335 3629 388 3670 nos
402 3615 654 3690 Arnulfospresui
675 3624 692 3677 2
717 3617 790 3676 feria
804 3635 906 3677 omnes
923 3637 976 3678 aos
994 3639 1062 3680 cum
1112 3620 1236 3676 instabat
1247 3620 1293 3676 die
1306 3621 1391 3694 (Aop.
1410 3621 1464 3694 lo).
1481 3619 1543 3686 oua
1570 3637 1637 3678 cum
1664 3617 1833 3694 ego'populis
1847 3631 1884 3670 re·

259 3700 378 3758 cantate
390 3702 469 3760 bona
482 3706 511 3760 et
524 3721 645 3762 munere
660 3723 769 3780 magno
779 3708 1061 3768 ouabivimussna-
1112 3708 1359 3781 aientibospauca
1379 3708 1572 3781 predicarem,
1600 3708 1792 3766 communiter
1808 3705 1838 3762 ab
1853 3701 1883 3757 hb

258 3795 305 3850 rat
318 3790 398 3848 enim
426 3789 586 3864 vigliano
601 3794 693 3851 sancti
717 3795 857 3852 lobannis
876 3797 1018 3870 baptiste,
1033 3802 1063 3855 et
1112 3811 1164 3868 pro
1180 3796 1297 3854 infirmo
1313 3796 1522 3855 archiantistite
1542 3798 1711 3856 orationem
1724 3793 1883 3868 fleasupplu

258 3879 485 3952 toneliedingus
497 3880 533 3938 ab
553 3881 769 3956 archiepiscopo
783 3885 956 3942 constitutus
970 3886 1062 3943 estad
1112 3885 1260 3956 postulavi.
1278 3889 1293 3942 ³
1311 3885 1385 3941 feria
1403 3886 1489 3958 (sep.
1510 3887 1552 3950 rat
1577 3889 1647 3944 ante
1662 3887 1786 3960 primam
1800 3879 1883 3939 ubiile

258 3969 440 4042 prepositum
454 3985 519 4025 cum
541 3970 690 4034 communi
709 3971 850 4029 electione
869 3973 1059 4032 confratrum.
1110 3973 1391 4044 fueratveniebem;
1413 3977 1442 4029 et
1456 3977 1526 4032 tuae
1539 3974 1588 4031 bic
1607 3979 1672 4033 erat
1691 3975 1743 4033 ldid
1755 3973 1882 4047 episcopus

256 4059 288 4114 ln
298 4057 346 4115 die
359 4060 459 4114 sancto
473 4057 511 4114 ed
522 4057 650 4114 blontem
668 4075 733 4116 com
750 4059 835 4116 solito
849 4061 962 4118 bonore
975 4062 999 4118 ie
1012 4071 1060 4108 rvr·
1111 4062 1236 4117 multum
1250 4075 1303 4132 pro
1323 4077 1358 4118 co
1371 4062 1401 4118 in
1417 4062 1550 4120 oratione
1563 4063 1703 4121 continue
1718 4054 1881 4120 inconscii

257 4147 370 4215 ductus,
385 4161 463 4202 arne
478 4148 507 4201 et
529 4146 652 4204 afratre
670 4163 737 4205 meo
757 4146 895 4220 sigifrido
909 4157 957 4195 ¹⁸¹⁷
970 4151 1058 4208 sueci-
1109 4165 1177 4204 cum
1185 4149 1375 4214 caminatam,
1390 4150 1439 4206 ubi
1453 4150 1501 4207 ille
1514 4151 1577 4224 pius
1589 4151 1693 4222 jacuit,
1710 4151 1841 4224 ingresso
1850 4159 1882 4198 θ’*
1953 4173 1954 4200 i

254 4234 344 4309 pitur.
359 4233 401 4292 lbi
417 4237 487 4290 tunc
501 4233 620 4292 missam
637 4240 767 4302 cantans,
779 4237 1004 4311 populosprimc
1017 4239 1059 4296 ia·
1108 4253 1181 4306 sem,
1194 4253 1248 4294 nec
1261 4238 1430 4310 loquentem
1453 4239 1560 4303 audivi,
1576 4255 1631 4295 nec
1645 4240 1723 4298 bene
1736 4247 1882 4311 cognoscen-

254 4322 356 4392 stituit,
367 4326 397 4380 et
408 4323 581 4396 postuh¹⁸¹⁸
611 4324 717 4382 abbate
741 4326 865 4384 multum
882 4328 1011 4400 rogetus,
1027 4331 1059 4384 ut
1107 4328 1317 4383 reminundus
1332 4324 1455 4383 ¹⁷¹⁸vidi.
1471 4326 1622 4384 advenere
1648 4330 1783 4386 etiameo
1797 4323 1881 4380 urente
1953 4345 1954 4348 ¹

255 4410 295 4468 ibi
306 4410 457 4469 caritatem
476 4412 585 4478 laceret
595 4413 632 4470 ob
647 4413 764 4470 turbam
785 4412 839 4472 sibi
858 4415 1057 4473 adherentem
1068 4395 1095 4454 D
1106 4415 1244 4471 arnulfus
1256 4417 1285 4472 et
1297 4414 1485 4483 llilliwerdos,
1512 4432 1580 4472 com
1595 4417 1762 4475 lleinvrerco
1773 4419 1799 4472 et
1809 4411 1879 4472 Erico,

255 4498 360 4555 omisit.
376 4498 441 4554 Fuit
454 4500 484 4556 in
499 4509 547 4544 ¹⁸¹⁸
564 4499 654 4557 natali
669 4503 867 4574 apostolorum
881 4503 1056 4574 (racemis
1107 4501 1281 4576 coepiscopi,
1296 4520 1399 4560 omnes
1427 4505 1505 4560 hunc
1530 4504 1640 4576 pariter
1655 4499 1881 4563 benedicentesci

254 4586 322 4643 sede
336 4603 399 4654 sue,
414 4603 448 4643 ac
462 4589 531 4644 tunc
539 4588 868 4648 commissossalubriter
880 4592 1055 4650 ammonuit.
1106 4590 1320 4665 indulgentiam
1348 4591 1375 4647 ei
1388 4591 1538 4649 facientes.
1565 4595 1625 4667 ligo
1654 4599 1751 4651 autem
1775 4591 1881 4666 pmecior
1953 4663 1954 4672 ἦ

289 4673 678 4734 45.1nterimassolizlavio¹⁸
688 4677 801 4735 nunciis
812 4680 941 4751 rogatus,
955 4680 1057 4738 Scicia·
1106 4679 1175 4736 unxi
1191 4687 1239 4724 ¹³²⁷
1254 4695 1322 4736 eum
1345 4680 1409 4737 oleo
1436 4680 1616 4738 sanctificato
1645 4682 1676 4738 in
1696 4683 1763 4740 locis
1782 4678 1881 4736 manne
1953 4673 1954 4692 ¹

254 4761 284 4821 oi
298 4763 372 4838 (775)
391 4779 589 4838 causepacem
602 4763 730 4822 faciendi
743 4775 790 4811 ¹⁸¹⁰
806 4765 933 4837 renitet
946 4766 1056 4826 ibidem
1106 4769 1281 4826 doicntthus.
1315 4770 1457 4826 larmirus
1490 4787 1605 4846 quoque
1644 4771 1702 4830 dux
1736 4771 1819 4830 adfuit
1846 4771 1880 4810 ”¹⁸

914 4887 1029 4943 VAlilAE
1047 4887 1247 4945 LEb'l'lONES.

253 4983 337 5090 „⁶2⁸”
356 4973 513 5058 solennitas
540 4973 658 5057 pretiosi
677 4973 813 5049 martyris
835 4974 891 5031 Viti
917 4975 999 5048 pueri
1026 4974 1149 5032 Saxonis
1173 4974 1299 5048 patroni,
1323 4973 1373 5047 qui
1403 4974 1433 5032 in
1460 4992 1535 5033 nova
1563 4976 1687 5036 Gorbeia
1711 4975 1878 5052 requiescitl.

251 5047 386 5179 ¹⁸⁰⁹?ch
400 5060 524 5177 moth.
563 5114 817 5202 ¹⁸¹⁰ppibus...ad
835 5121 861 5175 l.
899 5117 1078 5174 ¹⁸¹¹iniravit
1097 5122 1140 5172 fc.
1179 5117 1389 5190 ¹⁸¹²positosf.
1428 5118 1555 5178 ¹⁸¹⁸cdd.
1574 5119 1615 5177 lb.
1654 5117 1876 5177 nomismata

251 5196 299 5233 ¹⁸¹¹
314 5205 423 5263 magna
443 5192 485 5246 fu.
524 5195 571 5232 ¹⁸⁸·
597 5188 675 5246 virita
695 5192 720 5245 f.
758 5195 806 5232 ¹⁸¹⁷
825 5188 916 5246 sancti
939 5189 993 5245 Viti
1017 5188 1161 5244 monacho
1186 5187 1249 5244 edd.
1270 5191 1297 5245 2.
1335 5195 1383 5232 ¹⁸¹⁸
1406 5187 1515 5246 bozlavi
1544 5195 1570 5251 l.
1608 5198 1656 5235 ¹⁸¹·
1679 5189 1829 5250 faciendam
1846 5188 1876 5240 tr.

251 5269 300 5304 ¹⁸¹⁰
312 5261 333 5321 i.
346 5260 376 5318 in
391 5262 455 5319 loco
472 5263 514 5316 le.
554 5259 819 5334 ¹⁸¹¹p.b.cdd.fb.
859 5258 1398 5334 uoprincipiboslmrjamar·actas.
1437 5260 1750 5320 ¹⁸¹⁸e.d.d.add.lb.
1785 5269 1877 5312 tmere·

250 5347 310 5388 ηηη
325 5335 350 5388 l.
388 5333 592 5388 ¹⁸¹¹aitumore
608 5335 651 5387 le.
690 5335 962 5404 ¹⁸²⁸cognocentcm
978 5334 1003 5387 l.
1041 5335 1088 5373 ¹⁸¹²
1101 5330 1214 5386 hancei
1232 5333 1274 5388 fe.
1315 5329 1435 5402 jusmodi
1447 5335 1520 5400 sunt,
1536 5349 1597 5406 que
1609 5331 1790 5392 recrearer
1800 5327 1876 5387 recu

250 5401 523 5460 dicteoeosteadcat.
1020 5470 1124 5530 ΝΟΜ

288 5554 353 5626 (777
375 5554 406 5610 b.
419 5551 440 5614 i.
456 5551 569 5624 affines,
582 5551 714 5628 conjugis
725 5552 830 5611 fratres
844 5553 910 5614 Uos.
1126 5513 1213 5622 tiit)
1228 5549 1353 5612 Schrena
1368 5557 1401 5611 bb
1417 5551 1448 5612 in
1463 5553 1638 5628 profectura
1649 5551 1814 5627 Zorbigeasi.
1824 5547 1874 5604 Urs·

287 5625 351 5695 (775
396 5622 501 5694 Seiteh.
517 5641 579 5686 ηηη
594 5627 681 5700 longe
702 5624 738 5684 ab
754 5624 824 5682 orbe
845 5624 1052 5698 erogacitas.

487 5061 520 5102 ue
540 5043 681 5102 indicium
705 5046 801 5103 future
826 5046 984 5120 dignitatis,
1008 5047 1055 5119 pie
1082 5045 1154 5102 mihi
1180 5047 1321 5118 promisse
1336 5051 1363 5105 2.
1402 5053 1449 5089 ¹¹⁰⁸
1464 5064 1490 5103 e.
1508 5065 1548 5105 m.
1565 5066 1592 5108 a.
1612 5065 1637 5106 r.
1653 5066 1682 5108 a.
1696 5051 1724 5107 b.
1741 5067 1767 5123 p.
1781 5045 1834 5106 cdd.
1849 5043 1878 5099 tl·
1953 5055 1954 5082 l
