3862 6170
56 399 89 463 ,p
666 367 1016 438 casrammooaou.
1602 375 1656 442 ιιι

56 503 301 578 phantasmaticos,
314 505 343 562 et
351 497 484 580 deinceps
494 498 524 560 in
536 497 714 560 confessione
722 513 797 555 verae
811 499 838 560 A
850 513 953 556 eorum
968 499 998 554 et
1012 495 1126 555 animos
1153 495 1321 570 morareris,
1342 496 1455 572 juratas
1470 491 1600 576 legiones
1623 505 1655 566 in

57 607 98 666 tdei
107 613 272 678 perseverans,
289 594 380 652 fredos
394 595 539 650 alterutrae
555 589 632 665 pacis
648 587 799 646 taliobser·
848 590 980 643 nostrum
998 587 1170 660 sanguinem
1185 589 1306 657 acueris,
1334 591 1428 664 abque
1450 589 1588 650 dilatione
1616 595 1657 653 ia·

57 695 131 751 ratione
147 688 290 752 drmarent,
313 686 344 739 ut
358 682 458 738 Franci
471 679 581 754 pariter
603 683 689 751 atque
715 675 799 732 Gothi
849 676 953 732 chionis
966 679 1022 730 tuae
1046 676 1149 748 dignas
1164 693 1262 750 poenas
1276 677 1478 750 accipies,curn
1488 679 1525 734 ad
1535 681 1590 737 hoc
1604 699 1656 740 au·

54 800 107 840 uua
117 777 274 851 deponerent
286 772 397 845 quoties
410 771 447 826 ad
471 768 677 825 stabiliendum
696 766 798 832 foedus,
848 781 913 820 rum
924 763 1247 820 dividendum-Francos
1258 769 1371 822 nostros
1385 767 1656 837 adduxero,cumad

55 873 81 925 rel
90 870 115 924 ad
124 862 326 936 colloquendum
346 859 420 914 acies
445 861 574 930 utraque
600 853 797 912 convenirent.
847 851 1654 930 hancdignitatempossideudamnostrosnepotesaooen

53 957 191 1026 polentaque
207 951 316 1004 amueta
330 947 501 1004 infidelitate
512 945 589 1017 pacis
605 943 715 1000 foedera
734 958 798 1014 per·
849 940 930 1008 dero,
946 955 1012 996 cum
1029 939 1065 996 ad
1090 940 1259 996 dividendos
1285 942 1338 997 hos
1365 944 1507 1001 terminos
1528 947 1655 1006 calamos

53 1045 131 1100 [phase
142 1040 287 1113 cupientes,
303 1040 331 1092 et
346 1052 446 1107 regern
456 1038 587 1090 nostrum
594 1033 651 1088 vita
664 1034 693 1086 et
705 1030 799 1101 impe·
850 1031 963 1084 nostros
975 1029 1019 1082 cel
1031 1028 1114 1083 lones
1126 1029 1282 1086 extendere
1294 1030 1400 1088 fecero.
1416 1051 1433 1084 s

51 1131 178 1202 „wopam
185 1126 364 1192 meditantes,
379 1121 800 1196 cultellospermaximos,quos
883 1116 932 1172 llis
947 1117 987 1171 ita
1002 1117 1154 1190 peroratis,
1172 1134 1289 1175 ascenso
1307 1137 1381 1193 equo
1397 1121 1434 1177 ad
1444 1122 1568 1180 Francos
1582 1142 1652 1182 con·

51 1208 798 1290 ntguiterhontsaeeoacorruptovocabulonominamus,
849 1203 920 1260 citus
934 1203 1044 1272 abiens,
1057 1205 1188 1262 universa
1211 1206 1283 1260 sicut
1297 1213 1455 1265 evenerant
1467 1209 1586 1271 domino
1603 1231 1654 1270 sno

50 1307 111 1380 pffljs
122 1304 305 1368 contexerunt,
315 1304 345 1355 ut
352 1299 512 1355 bochabitu
522 1297 632 1370 palliati
641 1295 800 1366 siueimpe·
849 1292 990 1348 Clodoveo
1006 1293 1160 1362 nuntiavit,
1173 1297 1202 1349 et
1215 1295 1276 1366 ejus
1291 1296 1405 1352 animos
1415 1297 1452 1352 ad
1475 1301 1653 1372 amplillcan·

49 1379 797 1460 dnentosternerantimparatumexercitumGlodovei.
849 1381 917 1437 dam
933 1382 1108 1438 Francorum
1116 1382 1654 1457 gloriamvehementeraocendit,dom

49 1481 101 1546 Orod
113 1496 165 1534 cum
180 1479 315 1532 Paternus
329 1475 482 1548 legatarius
497 1473 800 1546 praesensissetgenus
848 1470 885 1524 ad
898 1469 1035 1526 videndos
1059 1473 1172 1525 montes
1188 1472 1351 1541 Pyrenaeos,
1365 1473 1409 1527 ael
1424 1474 1461 1530 ad
1486 1477 1655 1534 collustran-

48 1564 436 1628 lutionisadmiratus,Francos
450 1564 487 1618 ad
503 1562 619 1634 propria
627 1560 800 1632 redirepre-
848 1557 918 1612 dum
934 1575 1013 1614 mare
1029 1559 1174 1614 Oceanum
1190 1575 1257 1615 eum
1272 1561 1406 1616 bortatur
1420 1563 1510 1620 ahira.
1528 1566 1586 1622 Hoc
1601 1567 1657 1624 luit

48 1655 192 1726 hrit,etipsc
203 1653 348 1708 Alaricum
368 1651 412 1707 his
439 1648 727 1706 sermocinationibus
757 1649 800 1702 est
848 1647 1051 1702 scandalorum
1078 1647 1204 1715 initium,
1229 1646 1296 1702 iude
1324 1651 1547 1708 concertationis
1572 1669 1657 1710 causa

47 1759 186 1814 eggressum«
202 1741 345 1806 Quoniam
356 1739 469 1812 paciset
482 1734 800 1808 amicitioejuranostris
849 1734 998 1790 succrevit.
1013 1735 1162 1806 Hocorigo
1178 1735 1340 1804 discordiae,
1368 1753 1425 1808 qua
1440 1743 1468 1794 et
1496 1741 1656 1798 Gothorum

48 1829 311 1884 praedamnantibus
317 1813 576 1900 providendointer
583 1829 836 1897 utraqueregnass
849 1821 948 1876 feritas
962 1825 1005 1876 est
1015 1822 1124 1889 attrita,
1141 1825 1170 1876 et
1182 1822 1309 1878 Alaricus
1325 1824 1382 1880 vita
1397 1826 1506 1896 pariter
1517 1829 1655 1900 spoliatus

45 1918 130 1973 stabilire
144 1917 306 1983 meditarer,
321 1919 350 1970 et
364 1919 395 1970 ut.
405 1932 438 1971 er
452 1915 527 1970 fracto
541 1912 643 1985 patuit,
660 1913 797 1968 consueto
850 1914 880 1964 et
894 1909 1044 1980 dignitate.
1060 1909 1093 1964 Et
1107 1910 1249 1982 quoniam
1258 1911 1426 1968 Theoderici
1438 1915 1655 1988 regisquaedam

46 1998 801 2071 nendacioetfraudulentiautimini,utnostrospallia·
850 1996 991 2069 principia
1007 1997 1158 2052 retulimus
1187 2015 1251 2070 qum
1271 2003 1377 2055 nostra
1402 2003 1562 2059 narrationi
1590 2022 1658 2062 cou-

44 2093 208 2148 lisnrlneribus
222 2096 354 2148 sternere
367 2071 522 2156 volueritis,
540 2106 577 2144 ne
588 2094 646 2143 tam
663 2087 756 2143 subito
772 2088 801 2140 et
851 2101 954 2156 gruere
970 2087 1167 2156 sperabamus,
1191 2086 1254 2159 quis
1280 2087 1346 2142 fluis
1358 2089 1419 2160 ejus
1447 2091 1533 2146 luerit
1548 2094 1657 2164 pariter

44 2177 728 2252 insperaterejiciaturistaconditio,qualemcunque
737 2173 801 2228 vici·
850 2172 1029 2240 intimemus,
1042 2174 1144 2245 atejus
1156 2174 1334 2230 formidabili
1350 2179 1483 2250 exemplo
1496 2195 1598 2252 pravos
1607 2183 1658 2254 ja·

44 2283 113 2322 rorum
122 2285 214 2340 regum
223 2285 280 2342 per
290 2266 481 2322 internuntios
493 2282 578 2335 super
587 2264 640 2319 hae
649 2280 680 2318 re
693 2262 801 2334 pariter
851 2261 1124 2334 dicescorrigamus.
1140 2262 1363 2335 Hiciniquorum
1375 2269 1570 2336 quorumdam
1585 2286 1656 2327 cou-

43 2343 801 2420 onsolamns,quidquidipsedecreveritahsqualrustra·
851 2349 914 2404 sitio
926 2349 1106 2419 depravatus,
1123 2351 1266 2406 loannem
1282 2367 1388 2423 papam
1402 2356 1432 2408 et
1449 2353 1656 2426 Symmachum

42 2433 274 2506 toflecompleatur,
287 2457 300 2483 s
309 2433 389 2499 Quod
397 2435 674 2489 Paternusoraverat
683 2429 802 2485 mandat
846 2437 1093 2510 ,patriciumpriros
1101 2437 1289 2506 Christianos,
1304 2439 1341 2494 ab
1356 2439 1572 2500 insidiatoribus
1579 2463 1661 2502 accu-

40 2523 140 2592 conpleri
153 2524 278 2596 popidis,
286 2525 315 2578 et
324 2521 533 2577 Theodericum
549 2520 634 2574 ltaliae
647 2535 747 2589 regem
759 2535 797 2572 su·
851 2529 936 2593 satos,
952 2542 1017 2580 curn
1033 2541 1066 2580 ex
1081 2528 1143 2581 toto
1159 2525 1220 2580 sine
1231 2526 1390 2582 offensione
1405 2528 1542 2594 viverent,
1558 2532 1658 2604 iniquo

39 2605 804 2682 perhocpercnnctanduminsinuat,etquidquidipsede·
850 2612 958 2684 judicio
974 2612 1270 2684 condemnavitatque
1283 2614 1427 2670 trucidare
1436 2619 1583 2690 praecepit.
1592 2622 1660 2677 Post

38 2696 717 2772 cernatprecipitexsequendum.0uocumpariter
733 2711 801 2766 per·
852 2702 913 2756 haec
928 2716 994 2755 curn
1016 2701 1169 2755 duceretur
1184 2701 1219 2756 ad
1236 2701 1355 2770 exitum,
1382 2719 1435 2758 nec
1448 2721 1510 2762 rem
1525 2707 1658 2778 hujusce·
1738 2735 1746 2744 ·

39 2783 149 2854 ruissent,
160 2789 302 2842 Paternus
312 2782 803 2856 videlicetallegatusAlariei,istius
851 2787 933 2842 modi
946 2790 1086 2858 purgaret
1094 2786 1285 2858 paenitudine,
1297 2787 1368 2845 ultio
1379 2789 1409 2845 iu
1422 2807 1489 2847 eum
1501 2793 1598 2851 divina
1611 2796 1659 2852 de·

37 2873 140 2937 profete
150 2876 273 2947 negotio
283 2873 417 2947 cogitavit
426 2871 618 2928 Theodericus
630 2869 708 2944 quod
719 2870 741 2926 si
751 2871 803 2926 hos
852 2875 963 2931 scandit
974 2878 1002 2930 et
1014 2874 1145 2947 iniquum
1154 2874 1177 2946 ej
1183 2892 1215 2930 us
1227 2874 1513 2952 spiritumacorpore
1520 2881 1660 2940 violenter

35 2955 253 3035 tortissimosreges
272 2961 467 3035 separare-tab
476 2961 599 3016 invicem
612 2963 640 3015 et
653 2959 729 3016 inter
744 2976 802 3027 eos,
852 2963 1004 3030 abstraxit,
1029 2964 1059 3018 et
1076 2961 1148 3018 sieut
1162 2963 1247 3018 beato
1262 2978 1338 3034 papa
1358 2963 1495 3037 Gregorio
1513 2969 1659 3028 referente

36 3047 804 3117 dtereationisetodiiaillaminasemiuaret,dumsemn·
853 3049 1050 3123 cognovimus,
1064 3049 1170 3105 eodem
1186 3048 1232 3104 die
1245 3066 1302 3122 quo
1316 3049 1351 3106 de
1367 3052 1421 3106 bac
1436 3053 1497 3109 luce
1513 3055 1658 3129 migravit,

37 3133 73 3186 tois
85 3137 211 3194 bellorum
231 3138 383 3195 eventibus
401 3137 616 3208 impugnarent,
627 3136 753 3208 dumque
773 3151 802 3188 se
815 3107 839 3168 C
852 3139 895 3194 vir
905 3137 1024 3211 quidam
1040 3137 1069 3192 in
1085 3138 1180 3193 Sicilia
1195 3138 1329 3193 babitans
1342 3142 1371 3194 et
1384 3142 1556 3212 augelorum
1568 3145 1658 3206 vitam

36 3224 551 3294 ohrqueexercitusmutuisvulneribus
565 3226 737 3290 sternerent,
749 3223 801 3277 ho·
852 3229 928 3284 inter
941 3225 1074 3281 homines
1088 3241 1203 3298 gerens,
1233 3225 1302 3280 dum
1315 3226 1398 3297 juxta
1419 3231 1658 3292 consuetudinem

36 3311 129 3382 nnipse
137 3315 245 3370 medius
256 3318 360 3388 pacato
363 3314 429 3385 jure
437 3313 604 3386 quiesceret.
614 3311 802 3382 llocdeuique
852 3313 976 3370 orationi
993 3314 1188 3382 incumberet,
1203 3316 1232 3367 et
1245 3315 1344 3384 raptus
1356 3315 1388 3370 iu
1403 3316 1503 3389 spiritu
1518 3323 1585 3376 vota
1597 3339 1662 3396 sup-

34 3399 108 3462 statuit.
122 3403 319 3470 hocdecrevit,
331 3403 411 3475 quasi
422 3418 456 3456 ex
469 3401 612 3456 sententia
626 3400 800 3472 prodiretur,
851 3401 935 3475 plicia
950 3401 1112 3474 porrigeret
1141 3400 1279 3468 Creatori,
1295 3402 1367 3458 vidit
1396 3403 1491 3476 ipsum
1505 3408 1660 3470 Theodori.

36 3487 112 3543 othim
129 3495 156 3546 ct
174 3493 243 3548 inde
262 3493 441 3546 Francorum
455 3493 484 3545 et
498 3491 656 3545 Gothorum
673 3476 819 3559 utroeqne'
851 3491 1103 3547 cumdisciuetum
1123 3489 1370 3546 etdiscalceatum
1397 3492 1575 3566 vinctispost
1603 3501 1661 3554 ter·
1708 3549 1710 3555 ,

33 3571 261 3635 edesrmmnirent
277 3583 365 3650 atque
381 3579 617 3645 circumstarent;
627 3577 656 3631 in
678 3593 802 3648 quorum
852 3596 921 3651 gum
937 3578 1071 3634 manibus
1081 3577 1116 3633 ad
1132 3579 1498 3652 poenarumlocapertrahi.
1513 3583 1546 3638 Et
1560 3585 1589 3639 hi
1603 3586 1660 3642 duc

34 3662 213 3738 nediolcgatus
226 3667 365 3724 Clodovei
381 3683 455 3738 equo
467 3665 596 3721 residens
611 3681 724 3719 sursum
754 3664 803 3719 ha·
852 3667 917 3736 viri,
938 3668 1064 3722 loannes
1091 3665 1224 3720 videlicet
1252 3670 1281 3721 et
1309 3660 1510 3739 Symmachus,
1540 3673 1662 3746 turpiter

34 3751 79 3805 thro
90 3755 212 3826 erigeret,
222 3758 253 3811 et
270 3755 372 3811 tandiu
387 3755 417 3809 iu
432 3755 550 3810 circuitu
565 3754 626 3825 ejus
643 3770 745 3808 aurum
758 3769 803 3807 ar·
853 3771 920 3809 eum
936 3754 1122 3826 appellabant
1136 3753 1276 3808 violenter
1295 3756 1381 3826 atque
1394 3759 1612 3826 pertrahebant.
1628 3762 1662 3816 Et

33 3843 168 3914 geniumque
184 3861 238 3915 pro
255 3842 469 3914 compositione
479 3841 615 3897 facinoris
630 3841 712 3897 Gothi
728 3857 805 3895 com·
853 3843 926 3898 sicut
943 3842 1106 3912 eosinjustu
1123 3845 1220 3895 morte
1248 3841 1438 3898 damnaverat
1462 3845 1502 3900 ita
1525 3846 1577 3919 ipsi
1593 3865 1661 3904 eum

32 3929 151 4000 picerent,
162 3933 256 3987 donee
271 3946 360 3986 omne
372 3929 510 4001 spiculum
523 3930 606 4000 huJ'us
618 3929 728 4000 gemini
744 3945 803 3983 me·
854 3933 918 4009 post
934 3933 1059 3984 mortem
1070 3926 1106 3982 ad
1123 3927 1292 4000 supplicium
1300 3928 1509 3999 perduxerunt,
1525 3938 1554 3988 et
1568 3933 1598 3989 in
1610 3936 1661 3990 ba-

33 4013 71 4065 att
82 4020 203 4088 congerie
219 4019 399 4093 operiretur,
416 4019 471 4072 llac
487 4016 653 4073 conditione
671 4019 805 4088 gravatus
855 4017 985 4072 rathrum
997 4015 1113 4071 Vulcani
1122 4015 1182 4070 sine
1196 4015 1382 4071 miseratione
1388 4019 1619 4089 projecerunt.Et
1626 4022 1663 4079 dc

32 4099 130 4172 ,oeneus
144 4108 245 4164 odium
262 4125 354 4181 quam
370 4123 471 4180 pacem
484 4105 571 4176 elegit
587 4105 691 4178 potius,
707 4109 736 4159 et
749 4104 804 4160 alio
855 4105 898 4159 his
913 4103 966 4158 ista
982 4102 1136 4158 sufficiant.
1151 4103 1257 4157 Verum
1271 4102 1307 4158 ad
1322 4101 1449 4160 historiae
1466 4106 1600 4164 ordinem
1614 4125 1663 4164 re-

31 4185 107 4246 lraudis
125 4212 229 4265 genere
254 4199 414 4252 Paternum
433 4193 566 4266 decipere
588 4194 758 4258 conabatur,
783 4193 806 4248 si
855 4197 1010 4248 vertamur.
1675 4261 1679 4270 ,

31 4279 82 4332 hrte
94 4295 150 4335 casu
165 4284 265 4356 aliquo
282 4283 438 4337 laederetur
447 4281 483 4336 ad
498 4283 625 4336 mortem
641 4283 670 4334 et
688 4280 727 4335 ita
743 4279 806 4334 oni·
894 4278 1584 4351 ClodoveusigiturPatcrnilegatariisuiconsilio
1599 4285 1662 4344 ani·

31 4366 83 4418 retur
91 4367 135 4423 ista
148 4371 314 4438 eontentio,
328 4369 399 4425 dum
411 4387 469 4426 non
483 4372 558 4424 esset
572 4368 619 4440 qui
628 4367 844 4442 renuntiaretp)
857 4371 987 4424 matuset
996 4366 1150 4439 prudentia
1159 4367 1664 4445 confortatusl'rancorumproceres

32 4447 191 4529 tujnnegom
203 4459 363 4514 veritatem
377 4458 495 4512 domino
504 4459 603 4511 nostro
611 4456 766 4510 Clodoroo.
776 4457 806 4509 ln
857 4456 932 4528 apud
940 4455 1064 4512 Parisios
1074 4471 1253 4526 congregare
1265 4457 1411 4528 pracepit,
1423 4463 1453 4513 et
1462 4461 1663 4520 astutioreshis

31 4543 182 4602 vetutissimo
202 4546 395 4602 eumsolario
416 4545 553 4617 hospitari
578 4543 725 4616 pracepit,
741 4560 806 4615 per·
857 4544 950 4599 verbis
978 4543 1177 4614 alloqultur:«
1207 4541 1350 4606 Quoniam
1389 4546 1480 4602 animi
1512 4554 1598 4606 vestri
1623 4552 1663 4607 vi-

31 4627 82 4691 «pm
94 4631 153 4688 dum
166 4636 289 4691 incaute
304 4634 446 4707 graditur,
459 4633 639 4690 comminuto
658 4633 709 4687 sub
726 4631 807 4705 pcdi—
857 4648 911 4704 gor
922 4634 951 4686 et
966 4630 1143 4686 confidentia
1159 4630 1229 4685 mihi
1250 4630 1324 4686 bene
1354 4640 1503 4706 comperta
1528 4638 1662 4708 habetur,
1723 4633 1724 4636 ¹

30 4707 214 4795 lusciusligno,
231 4741 347 4797 pronus
363 4722 400 4777 ad
416 4724 524 4777 terram
543 4721 656 4788 cecidit,
669 4725 698 4775 et
713 4722 805 4775 fracto
856 4720 922 4776 ideo
935 4737 983 4774 vos
998 4718 1171 4774 accersendo
1181 4717 1321 4774 aestimavi
1336 4723 1368 4775 ut
1383 4722 1610 4794 quibusmecum
1621 4730 1664 4783 cst

32 4793 114 4860 brachie
131 4810 193 4868 ritae
212 4815 379 4868 reservatus
401 4813 454 4879 est,
476 4809 602 4866 Domino
622 4811 804 4881 protegente.
857 4827 914 4865 una
929 4809 1061 4864 voluutas
1075 4808 1104 4862 et
1124 4805 1252 4862 amicitia
1266 4807 1431 4879 singularis,
1447 4811 1537 4869 animi
1549 4815 1608 4870 mei
1619 4832 1665 4872 se-

30 4881 124 4964 touque
137 4899 417 4966 risconvaleseeret,
426 4897 556 4958 necdum
567 4901 666 4953 sancto
676 4899 805 4966 vulnere,
857 4895 1389 4969 cretapatefaciamvolocompertum
1398 4898 1665 4960 habeatisanimum

31 4972 245 5044 tdostendeudos
269 4987 421 5044 thesauros
438 5004 504 5043 sues
524 5003 590 5042 eum
608 4985 733 5059 quadam
759 4985 806 5042 die
856 5003 956 5044 meum
970 4984 1085 5040 accendi
1102 4984 1311 5052 vehementius,
1333 5001 1398 5040 cum
1422 4987 1573 5048 considero
1600 4992 1664 5050 vitm

31 5055 83 5118 luit
94 5071 228 5144 Alaricus,
246 5077 279 5132 et
297 5075 430 5148 aperiens
451 5091 533 5130 arcas
553 5075 760 5150 demonstravit
780 5067 806 5130 ei
857 5079 964 5132 nostrae
978 5075 1084 5130 statum
1107 5071 1169 5128 sine
1182 5071 1279 5144 aliquo
1289 5073 1519 5134 laudistitnload
1531 5096 1665 5138 occasum

31 5145 158 5216 onoma
169 5179 295 5219 suarum
303 5163 547 5220 innumerabilem
556 5162 807 5236 quantitatemhd
856 5162 985 5237 quotidie
1002 5161 1092 5233 vergi,
1108 5163 1137 5216 et
1156 5159 1267 5216 feroces
1279 5165 1447 5220 nostrorum
1460 5167 1586 5224 militum
1601 5169 1664 5224 ani-

30 5231 64 5292 los
78 5243 204 5308 Paternus
217 5251 356 5309 exsiliens
373 5256 402 5308 et
412 5252 552 5322 alludens,
563 5268 622 5325 prae
631 5251 739 5325 gaudio
748 5269 809 5308 ma·
856 5268 921 5308 mos
936 5249 1044 5307 desidia
1055 5249 1234 5316 mollescere,
1251 5251 1280 5304 et
1298 5253 1397 5308 metuo
1424 5270 1461 5308 ne
1475 5270 1541 5310 cuna
1556 5255 1664 5314 inertes

31 5339 78 5383 non
89 5337 202 5396 tetendit
217 5342 257 5397 ad
270 5357 369 5397 arcam
384 5345 415 5397 et
429 5342 525 5414 rapuit
543 5359 647 5398 aurum
660 5341 739 5414 quod
754 5358 806 5414 pa·
856 5339 1018 5396 animosex
1045 5335 1240 5394 dissuetudine
1267 5339 1396 5410 capiunt,
1426 5358 1492 5397 cum
1510 5343 1663 5402 necessitas

31 5411 191 5500 dltoscapere
207 5433 329 5504 poterat
344 5449 351 5500 ;
368 5433 397 5486 et
415 5435 580 5504 respectans
600 5430 756 5499 Alaricum,
769 5429 808 5484 sic
856 5428 931 5484 torte
945 5425 1117 5499 poposcerit,
1133 5424 1244 5498 gladios
1257 5444 1359 5484 eorum
1376 5430 1526 5488 hebetatos
1540 5449 1572 5488 ao
1584 5434 1662 5491 rubi·

31 5515 74 5558 *th
96 5517 235 5575 audaciter
259 5519 415 5592 alloquitur
430 5539 460 5576 ιιι
484 5521 540 5578 Nisi
559 5521 615 5577 cito
638 5519 808 5576 conduxeris
857 5517 924 5590 gine
938 5516 1087 5586 corruptos
1103 5513 1293 5571 inveniamus.
1309 5517 1400 5573 Arma
1410 5518 1475 5589 jam
1489 5522 1664 5578 resumenda

32 5605 807 5680 mes.exereituminnumerabilemadunaveris,dertras
858 5607 934 5674 suut,
951 5602 1038 5677 gladii
1054 5603 1186 5670 acuendi,
1217 5604 1397 5662 adlaborem
1419 5606 1663 5682 militiacorpora
