3992 6180
119 417 186 476 1606
749 409 960 472 (11111οΝ10οΝ.
970 443 1006 458 -
1019 413 1083 472 LIB.
1094 414 1138 472 Vl.
1710 411 1777 476 1600

117 539 227 596 ibidem
238 537 310 594 sacri
320 535 652 594 crismatisdalibnciooo
661 535 782 593 tercium
792 535 960 610 implevitA
971 537 1006 594 Et
1022 538 1212 596 contectalem
1228 538 1333 596 suimet
1347 537 1471 597 delendo
1483 537 1610 610 lldclom,
1711 523 1717 534 ⁸

115 643 285 692 numerum,
300 626 466 683 waltherdo
482 629 546 700 post
557 643 586 683 so
599 643 718 682 ornnem
736 626 921 682 committeus
972 625 1030 682 Hiis
1043 630 1093 682 tua
1105 643 1157 700 pro
1170 629 1263 700 parvis
1275 629 1353 686 bona
1367 629 1633 702 prestansmaxima
1646 627 1741 686 donia.
1763 615 1767 622 ⁴

116 715 317 789 episcopatum
326 723 363 758 ⁸⁸⁸
373 709 523 784 (661).“66ιι
533 716 644 786 autern,
655 731 712 788 quo
728 731 844 788 semper
858 705 922 770 esu·
972 714 1052 771 Vivat
1066 715 1096 772 in
1111 718 1230 774 oethcria
1242 717 1398 790 taginonis
1412 719 1527 794 spiritus
1542 718 1617 776 aula.

115 804 183 861 rivit
203 808 288 878 atque
313 803 410 870 sitivit,
431 802 552 874 justicie
579 803 642 860 cibo
660 803 785 876 gestiens
800 806 867 860 tunc
881 820 923 859 sa·
973 803 1119 859 Waltherd
1136 809 1165 862 et
1178 807 1249 862 Gero
1265 807 1507 880 (6661661666116
1522 807 1740 864 6666661661.

114 892 272 966 ciari,quia
283 891 366 948 aliter
375 908 434 948 non
444 891 598 965 posselleri
609 893 685 967 apud
694 893 849 948 Arnullum
859 909 924 964 pre·
972 895 996 949 A
1011 895 1123 952 Christo
1138 896 1207 952 salvi
1219 897 1276 953 sint
1289 913 1391 954 omnes
1406 901 1492 970 atquo
1506 896 1622 954 locandi

113 983 208 1038 sulem
228 980 346 1049 sciebat,
360 997 426 1036 cum
438 981 483 1024 ⁹⁸2'
494 984 609 1036 centum
623 981 792 1038 concambio
805 998 922 1038 manso·
973 983 1095 1040 Sedibus
1106 984 1196 1040 Elisiis
1213 987 1300 1059 (cat),
1313 989 1351 1054 te,
1368 987 1524 1060 llersburg,
1541 987 1590 1060 qui
1604 985 1719 1059 pietatis

114 1088 194 1140 rum,
211 1087 298 1144 super
309 1070 402 1127 solum
423 1071 686 1144 blcrseburgeusem
702 1071 922 1144 burgwardum,
974 1074 1005 1146 (1.
1021 1075 1076 1148 96’)
1091 1074 1202 1130 Allectu
1216 1074 1322 1132 dextris
1340 1078 1499 1132 exaltavere
1515 1075 1658 1147 benignis.
1800 1059 1803 1068 ’

114 1157 839 1232 episcopalemredemitbannamouicquidautem
850 1178 923 1216 aca·
974 1163 1079 1219 Omnia
1091 1163 1139 1235 qui
1155 1163 1265 1237 primus
1280 1165 1366 1238 regis,
1383 1167 1467 1232 Deus,
1482 1168 1568 1238 atquo
1579 1179 1742 1237 supremus,

112 1248 229 1304 sissimo
239 1247 388 1320 Taginone
405 1251 582 1320 exposcerat,
598 1249 683 1306 bonae
698 1250 852 1306 voluntatis
870 1251 924 1306 ha·
973 1252 1052 1308 lianc
1065 1252 1228 1321 moderare,
1243 1255 1293 1310 tuo
1309 1257 1397 1328 queat
1412 1257 1443 1310 ut
1461 1253 1616 1310 subsistere
1635 1269 1716 1310 remo

112 1337 276 1396 bundantia
287 1338 341 1394 hoc
352 1336 494 1409 largiente
503 1347 681 1411 perceperat.
689 1339 814 1396 heldisni
826 1340 859 1410 (l.
877 1339 922 1414 96)
974 1341 1039 1412 Eius
1054 1340 1185 1396 custodes
1200 1344 1250 1398 tua
1262 1341 1319 1398 sint
1333 1345 1471 1414 precenta
1486 1345 1649 1416 sequentes,

112 1431 203 1500 atque
216 1426 252 1483 de
265 1425 345 1482 Citici
357 1425 567 1498 episcopatibus
593 1427 722 1485 decrevit
740 1428 822 1502 regia
840 1431 924 1502 pote-
973 1429 1073 1484 Hostes
1092 1429 1132 1484 nil
1146 1430 1269 1498 valeant,
1285 1431 1415 1487 conversi
1429 1431 1479 1486 sed
1494 1431 1572 1486 bona
1585 1430 1720 1486 reddant.

113 1519 190 1572 state
208 1515 243 1570 ad
269 1515 418 1586 integrum
439 1514 545 1584 redire,
574 1517 652 1588 quod
675 1516 831 1590 antiquitas
855 1517 922 1573 hinc
973 1516 1016 1572 Sis
1031 1533 1103 1590 rogo
1115 1517 1271 1589 propicius,
1290 1520 1338 1592 qui
1350 1519 1514 1575 destructor
1526 1518 1685 1589 luithujus.

112 1605 268 1676 demptum
280 1603 369 1658 valuit
381 1603 532 1675 explicare.
551 1604 631 1660 Unde
647 1604 702 1660 hiis
715 1607 840 1662 versibus
855 1623 922 1678 pre·
971 1609 1091 1680 insuper
1103 1611 1132 1662 et
1146 1607 1264 1676 cnuctis,
1282 1607 1331 1680 qui
1347 1608 1505 1663 subvenere
1525 1606 1672 1679 malignis,

111 1691 184 1748 ludo
201 1688 305 1746 Christi
319 1690 389 1746 odas
404 1691 623 1748 concinentibus
638 1701 694 1748 ⁸⁹⁰:
972 1698 1014 1752 Da
1029 1695 1154 1764 veniam,
1169 1697 1228 1752 laeti
1243 1713 1299 1771 quo
1315 1699 1448 1770 spectant
1461 1699 1540 1752 certa
1557 1695 1644 1750 laturi
1660 1703 1707 1750 ⁸⁹⁴.

1008 1786 1081 1840 Urbs
1095 1783 1307 1842 wormacensis
1321 1785 1429 1859 gaudet
1442 1783 1622 1857 temporibus
1636 1782 1696 1838 istis

152 1870 176 1926 0
191 1867 360 1942 scljusticisc
372 1869 527 1942 tulganem
540 1886 625 1942 super
637 1869 859 1940 omnia,Christe
870 1873 919 1929 ⁰⁸¹1
935 1846 1116 1930 BLibertate
1130 1891 1191 1943 sua,
1207 1874 1286 1944 cujus
1302 1874 1441 1930 manebat
1454 1873 1484 1930 in
1497 1872 1603 1930 umbra

110 1959 249 2014 Adventu
263 1957 357 2031 primo
371 1959 515 2014 mundum
530 1959 734 2032 redimensque
751 1961 877 2018 secundo
972 1959 1778 2035 116616666,6166666666616666166616366666666666).

112 2050 190 2104 Cum
207 2050 287 2118 patre
302 2047 462 2119 plasmator
477 2047 644 2117 dissolvens,
660 2050 840 2105 examinator
973 2051 1118 2108 Bnrchard
1133 2051 1253 2109 antistes
1268 2053 1381 2107 laetatur
1396 2055 1425 2106 61
1437 2050 1514 2106 inter
1527 2048 1631 2106 heriles

112 2138 213 2204 Solos,
228 2153 281 2209 pro
295 2135 381 2192 variis
396 2135 565 2207 dispensans
577 2146 613 2179 ⁹⁹¹
629 2138 741 2210 premia
755 2138 837 2195 lactis
972 2141 1011 2194 Ex
1024 2139 1123 2195 animo
1139 2140 1367 2214 proceres,quod
1382 2157 1441 2196 non
1454 2139 1539 2194 timot
1550 2137 1779 2212 ampliushostes

113 2229 251 2282 Humano
266 2225 378 2298 generi,
395 2225 508 2280 sceleris
520 2242 571 2298 per
585 2227 808 2297 pronalabenti,
972 2229 1053 2284 Nunc
1068 2245 1102 2286 cr
1117 2229 1265 2302 contiguo,
1280 2231 1367 2300 louge
1380 2232 1508 2284 semotus
1520 2227 1556 2284 ab
1570 2226 1632 2283 illo.

112 2315 192 2370 Vera
204 2314 274 2380 dies,
294 2315 398 2380 lucem,
412 2316 454 2380 tu,
468 2330 545 2370 nunc
559 2314 722 2370 benedicito
738 2317 837 2384 talem,
972 2318 1045 2372 Aula
1059 2317 1137 2372 ducis
1153 2317 1265 2374 domiui
1279 2317 1381 2372 domus
1398 2316 1516 2389 estjam
1531 2316 1647 2388 preclua
1662 2313 1777 2382 Christi,

116 2405 183 2469 Qua
203 2403 265 2477 pius
280 2401 440 2458 aeclesiam
454 2401 572 2458 visitasti
589 2403 790 2476 despoliatam.
973 2406 1008 2460 Et
1019 2405 1132 2477 judices
1146 2405 1240 2462 varios
1254 2407 1347 2462 clerus
1360 2421 1438 2462 nunc
1455 2403 1594 2478 deprimit
1608 2403 1682 2460 illos.

111 2493 264 2564 liersburg
276 2495 305 2546 te
320 2491 428 2558 laudet,
446 2491 482 2546 de
492 2490 547 2546 tuis
561 2477 683 2548 munere
697 2493 815 2563 gaudet,
975 2494 1031 2550 lloc
1046 2510 1096 2548 rex
1112 2494 1261 2551 Heinricus
1275 2493 1355 2562 iecit,
1370 2493 1477 2567 pietate
1495 2509 1629 2550 coruscus
1644 2500 1690 2560 ⁸²⁸,

111 2581 187 2652 Ejus
198 2583 227 2636 et
239 2581 310 2648 nati,
326 2583 455 2655 pastores
468 2596 500 2636 ac
514 2580 645 2636 renovati
974 2582 1052 2638 Hanc
1067 2583 1191 2656 propriis
1205 2585 1317 2639 solvens
1332 2583 1419 2638 rebus
1436 2581 1605 2656 Christoque
1619 2579 1780 2637 remittens.

112 2669 286 2726 Persolvant
300 2671 397 2742 grates
410 2669 462 2725 tibi
477 2685 553 2724 nunc
568 2686 602 2725 ex
615 2670 701 2726 corde
713 2669 822 2727 fideles.
973 2672 1082 2727 Annuit
1094 2671 1149 2728 ista
1160 2672 1224 2744 prius
1239 2674 1305 2728 Otto
1325 2680 1360 2715 ⁸⁹⁸
1377 2672 1444 2740 dux,
1461 2675 1547 2744 atque
1561 2669 1706 2743 benignus

112 2757 695 2831 lnclitererregum,modosuscipelasma
705 2758 780 2831 (662)
793 2763 920 2816 tuorum.
973 2759 1089 2816 1166666
1103 2759 1194 2832 regali
1208 2759 1348 2817 concessit
1361 2759 1498 2816 habunde
1513 2759 1607 2815 teneri
1623 2760 1703 2828 (666).

113 2849 252 2904 Clemens
263 2847 433 2904 Heinricum
448 2847 484 2904 de
499 2847 578 2904 coelis
593 2847 703 2919 respice
717 2865 843 2916 servam,
974 2850 1013 2906 Ex
1027 2850 1082 2906 hoc
1097 2849 1228 2904 laetantes
1242 2848 1300 2904 siut
1315 2865 1430 2923 semper
1445 2848 1552 2923 quique
1566 2848 1666 2904 fideles
1680 2854 1726 2902 ⁹⁰⁷.

727 2967 900 3058 LIBER
928 2969 1160 3058 SEXTUS.

153 3129 179 3181 1.
197 3124 231 3199 (l.
248 3125 294 3199 91)
310 3127 377 3184 Post
393 3127 574 3184 salutiferum
601 3127 783 3185 intemeratae
805 3127 923 3200 virginis
939 3133 962 3193 C
977 3131 1127 3201 scopatum
1157 3131 1263 3184 sanctae
1292 3126 1533 3200 lterseburgensis
1561 3125 1696 3182 aecclesiae
1723 3123 1782 3180 cui-

110 3217 231 3289 partum
243 3219 444 3272 consummata
455 3216 609 3273 millenarii
623 3217 701 3272 linea
716 3217 878 3283 numeri,et
893 3216 923 3271 in
976 3218 1044 3273 darn
1060 3225 1107 3260 ¹⁰⁰¹
1123 3217 1273 3291 capellano
1296 3216 1410 3283 suimet,
1427 3216 1547 3271 nomine
1562 3223 1610 3259 ¹⁰⁰⁸
1624 3213 1783 3287 wigberto,

110 3305 685 3377 66166666666166166666166661.
700 3303 922 3375 scatianum,
975 3323 1043 3362 cum
1054 3305 1269 3361 archiantistitis
1280 3303 1625 3376 baculoTaginonis,cum
1639 3319 1696 3376 quo
1710 3303 1783 3374 ipso,

110 3394 185 3450 acin
194 3394 443 3467 ejusdemquartae
453 3395 760 3462 inicioebdomadar‚in
769 3394 924 3450 Februario
977 3395 1113 3469 quicquid
1123 3397 1287 3452 antecessor
1297 3411 1363 3450 suus
1374 3393 1523 3466 injustcds
1533 3394 1587 3449 hac
1597 3393 1711 3449 auterre
1721 3409 1784 3465 pre·

110 3499 228 3554 mense,
242 3483 290 3557 qui
309 3484 493 3558 purgatorius
508 3484 622 3552 dicitur,
646 3485 755 3540 clarum
772 3500 860 3540 mane
873 3482 923 3555 (cl.
976 3484 1078 3541 sumsit
1089 3483 1226 3552 aecclesia,
1238 3483 1419 3559 renovationi
1430 3483 1563 3555 ejusdem
1575 3481 1708 3538 arridens
1717 3481 1784 3537 red·

111 3575 199 3628 Pane.
218 3589 260 3641 ιιι,
279 3575 305 3644 1)
316 3571 408 3628 illusit
425 3575 530 3641 seculo,
545 3576 574 3629 et
585 3572 749 3638 lleinricus,
764 3573 814 3629 Dei
830 3571 925 3644 gratia
975 3574 1048 3630 didit
1058 3576 1141 3646 (661),
1153 3571 1353 3630 consentiente
1365 3573 1421 3628 hoc
1433 3572 1553 3629 Arnullo
1571 3571 1696 3643 presule,
1712 3571 1783 3627 Eidc

110 3677 175 3728 rex,
191 3663 407 3718 autecessorum
424 3677 526 3716 navam
544 3677 663 3717 suorum
688 3660 806 3732 cupiens
820 3677 925 3716 emun-
975 3666 1130 3734 quoquest
1148 3661 1310 3718 llillivardo
1324 3661 1476 3735 episcopis,
1493 3660 1654 3734 quibus¹⁰⁰⁸
1664 3659 1785 3716 diocesis

110 3751 187 3806 dare
202 3747 313 3822 sibique
324 3749 438 3805 veniam
454 3750 616 3821 promereri
628 3747 926 3822 aeternamdispositis
974 3752 1024 3808 illa
1032 3751 1087 3806 luit
1101 3751 1200 3818 divisa,
1215 3749 1334 3806 acomni
1344 3750 1450 3823 populo
1460 3747 1664 3821 applaudante.
1677 3749 1784 3804 Ductus

110 3838 276 3894 secundum
291 3839 397 3894 suimet
421 3839 558 3910 placitum
577 3839 610 3894 ad
635 3839 696 3894 haec
717 3838 926 3910 pertinentibus
975 3855 1042 3894 mox
1051 3854 1117 3893 cum
1128 3837 1403 3908 divinajubilatiooe
1412 3836 1449 3893 ad
1458 3834 1784 3905 sedcmsuamWigber·

110 3925 237 3992 cunctis,
247 3927 375 3998 perrexit
388 3928 424 3983 ad
441 3929 561 3983 domurn
575 3944 668 3994 suam,
680 3928 727 3982 ubi
744 3944 774 3983 se
789 3943 925 3998 corpora·
976 3931 1020 3984 tus
1034 3926 1056 3994 (1
1061 3969 1067 3984 .
1083 3925 1147 3995 91),
1161 3926 1265 3982 eodem
1280 3925 1326 3980 dic
1337 3925 1373 3979 ab
1385 3924 1599 3997 archiepiscopo
1608 3923 1715 3979 suimet
1728 3922 1782 3977 'la-

112 4017 183 4073 liter
198 4023 247 4058 ¹⁰⁰⁰
262 4031 378 4087 semper
391 4015 501 4072 solebat
515 4017 644 4085 relicere,
660 4019 692 4072 ut
710 4017 749 4072 ibi
763 4016 925 4072 desiderato
975 4017 1095 4089 ginone,
1112 4017 1140 4070 et
1154 4031 1171 4070 a
1186 4013 1378 4070 confratribus
1393 4011 1524 4068 llillerico
1538 4015 1568 4068 ct
1578 4008 1699 4083 wigone
1715 4025 1781 4066 curn

112 4105 169 4161 diu
183 4103 323 4160 alimento
335 4105 485 4176 paululum
495 4109 676 4160 recrearetur
687 4105 718 4160 in
731 4104 925 4162 166616666-
976 4103 1111 4178 predictis
1123 4101 1298 4176 coepiscopis
1314 4103 1508 4158 consecratur.

112 4209 281 4266 vocansque
292 4193 328 4249 ad
343 4211 373 4249 se
388 4209 490 4250 omnes
504 4193 587 4266 regni
603 4194 753 4266 primates,
771 4193 850 4250 dedit
864 4193 926 4267 epi·
1011 4197 1038 4260 2,
1056 4191 1177 4248 iuterim
1187 4191 1342 4247 Bolizlavus
1356 4207 1407 4246 suc
1421 4189 1517 4246 lurore
1528 4190 1558 4244 et
1569 4185 1684 4243 comitis
1696 4186 1781 4243 liciu-

775 4316 892 4372 VARlAE
918 4315 1123 4372 LECTlONES.

151 4412 188 4448 ’θ’
208 4405 382 4460 Wathedo-
393 4404 591 4476 episcopatum
608 4404 670 4458 aaa
689 4403 726 4460 16.
742 4409 770 4460 61
783 4423 815 4458 ιι.
829 4403 976 4460 commisit
991 4408 1017 4460 2.
1035 4405 1069 4460 Α.
1085 4404 1116 4459 S.
1155 4403 1207 4445 ⁰⁸⁰*
1223 4403 1286 4458 add.
1303 4404 1344 4460 lt.
1383 4402 1782 4458 11161166166666616161661-

110 4479 154 4542 pit
171 4475 280 4543 libram,
292 4477 383 4530 inimo
394 4478 519 4546 maraine
532 4475 631 4530 addens
646 4492 652 4529 ι
674 4475 775 4547 incipit
790 4478 861 4546 prol.
877 4475 1011 4530 libsexti.
1050 4483 1083 4518 ⁸⁹¹
1096 4475 1139 4528 Ila
1154 4476 1209 4528 sinc
1222 4474 1302 4529 datio
1318 4474 1465 4542 agendum,
1482 4474 1575 4544 fulges
1594 4475 1618 4526 l.
1633 4471 1740 4554 xpriste
1755 4473 1780 4526 1.

114 4557 151 4590 ⁸⁹¹
173 4545 321 4617 dispensas
347 4550 371 4602 1.
410 4546 659 4602 1116161166ιά-
687 4547 772 4602 beato
799 4547 860 4601 add.
884 4547 925 4601 16.
970 4555 1005 4588 ⁹⁰⁴
1032 4546 1136 4602 Hicin
1162 4546 1259 4600 altimo
1273 4547 1459 4616 quaternionis
1469 4547 1572 4616 pagina
1585 4543 1673 4599 media
1687 4543 1784 4600 <tremit

114 4635 224 4684 monus,
239 4633 297 4690 qua
309 4624 333 4672 et
352 4619 426 4672 bosca·
441 4617 506 4671 rinos
521 4619 717 4689 anvteraiones,
733 4618 832 4673 tibrum
851 4619 881 4672 V.
897 4635 926 4672 co

209 4691 214 4698 Ι
929 4618 1314 4745 6366166666,61666666166666
1342 4624 1410 4672 sectr
1433 4615 1497 4670 libri
1509 4614 1698 4698 6616666116
1725 4621 1782 4697 octo

113 4692 224 4760 arrepsit
254 4695 340 4744 tracta
365 4690 500 4752 continuo,
527 4693 555 4744 at
581 4695 762 4743 atramentum
783 4690 906 4744 ostendit.
954 4695 1073 4762 equentcs
1088 4703 1177 4742 versas
1192 4686 1246 4740 alra
1261 4704 1356 4742 manaa
1372 4687 1518 4742 Tirictmarr
1546 4684 1639 4740 semeles
1666 4683 1781 4752 addidit,

109 4759 576 4832 1166166661,61616616,·;61116666
599 4762 715 4842 quinque
734 4761 787 4831 ipse
810 4761 979 4814 Tlvietmcrur
1005 4761 1136 4885 apposnit.
1165 4758 1241 4813 Unde
1263 4763 1380 4828 apparet.
1411 4757 1534 4813 tredecim
1563 4755 1671 4812 ultimos
1694 4773 1782 4811 versas

115 4831 227 4903 reliquis
240 4847 292 4886 erae
310 4832 476 4886 recentiores.
516 4837 551 4873 ⁸⁰⁷
567 4831 687 4903 Explicit
698 4832 866 4902 prolongas,
880 4829 982 4903 incipit
997 4831 1016 4884 li
1038 4846 1070 4886 er
1081 4833 1175 4889 sextus
1187 4829 1249 4884 add.
1267 4832 1293 4884 t.
1335 4837 1371 4871 0⁰⁸
1389 4827 1501 4883 Ursinus
1511 4827 1611 4899 aliian
1622 4827 1681 4896 jam
1698 4828 1782 4883 adno-

115 4907 244 4984 taverunt
271 4901 315 4956 iic
340 4901 561 4984 lcp'enda'messc:
578 4900 608 4956 in
639 4904 742 4984 quarto
761 4901 950 4958 cardinalis...
978 4900 1107 4983 ejusdem
1123 4900 1231 4972 quintae
1249 4898 1348 4983 inicio,
1361 4906 1390 4952 at
1417 4906 1474 4955 tam
1492 4917 1523 4952 er
1538 4901 1592 5024 ipsa
1619 4900 1782 4953 narrationis

115 4989 195 5040 serre,
206 4979 264 5026 tum
279 4989 311 5025 er
324 4971 453 5026 Hernrrro
478 4989 547 5042 repra
568 4973 668 5027 chartis
684 4971 763 5040 1001,
779 4971 866 5036 Mart.
880 4977 895 5026 6
920 4979 944 5026 et
959 4973 986 5026 6.
1011 4971 1083 5026 datis
1094 4977 1178 5042 patet.
1228 4979 1263 5013 ⁸⁸⁰
1277 4972 1321 5025 loc
1336 4987 1364 5026 m
1379 4971 1434 5028 loco
1449 4987 1509 5026 ruso
1523 4976 1532 5026 1
1557 5013 1562 5026 .
1618 4979 1782 5040 161166666-

115 5044 219 5098 taliter
233 5061 259 5098 c.
276 5051 321 5086 ¹⁰⁰¹
339 5045 402 5099 ²ita
416 5043 450 5099 Α.
468 5043 501 5102 J.
516 5043 670 5097 6666661666
683 5045 711 5097 in
729 5047 753 5100 1,
770 5061 875 5098 erasnm
890 5042 1008 5114 quidam
1022 5043 1104 5114 faisse
1119 5041 1233 5099 videtur.
1274 5050 1320 5085 ¹⁰⁰⁸
1337 5041 1400 5098 add.
1420 5042 1461 5100 16.

889 5164 1000 5222 NOTAE.

153 5253 232 5322 (661)
251 5255 332 5310 Conl'.
349 5253 427 5309 inira
442 5255 462 5312 1.
477 5271 512 5311 ιι.

152 5325 229 5396 (666)
244 5323 269 5380 1.
286 5341 307 5380 e.
326 5341 433 5392 sermo,
449 5343 466 5380 a
481 5325 583 5382 lando.

153 5397 233 5468 (663)
246 5397 319 5452 Caro
331 5397 436 5451 electus
450 5396 478 5451 in
490 5396 734 5468 archiepiscorum
754 5397 924 5469 ldagdebur·

119 5483 240 5538 gensem
256 5484 282 5525 a.
300 5469 369 5523 tota

155 5540 232 5612 (664)
248 5537 361 5594 Sedibus
375 5538 478 5608 Elysiis
502 5555 534 5593 ex
559 5538 664 5595 Lucani
682 5539 808 5595 Pharsal.
831 5539 851 5592 l.
878 5539 923 5592 lll.

120 5625 147 5668 ιι.
166 5614 207 5666 tt.

975 5254 1100 5309 acclesiae
1126 5252 1338 5308 wormatiensi.
1363 5253 1465 5309 Noster
1491 5251 1614 5324 respexit
1637 5247 1781 5321 imprimis

974 5328 1152 5398 praeceptum
1169 5324 1245 5396 regis
1259 5339 1276 5378 a
1292 5324 1429 5380 1611161.
1445 5327 1489 5381 29.
1507 5323 1619 5386 datum,
1635 5336 1686 5392 per
1702 5317 1778 5390 quod

975 5412 1148 5452 eamversus
1163 5395 1276 5467 iniquas
1288 5395 1427 5450 comitum
1450 5392 1645 5465 impetitiones
1671 5393 1778 5446 tuetur.

1010 5467 1087 5538 (666)
1097 5467 1205 5522 Videsis
1218 5467 1348 5522 chartam
1364 5466 1440 5538 regis
1455 5482 1470 5519 a
1492 5465 1560 5519 tout
1575 5462 1636 5518 Oct.
1649 5463 1675 5516 3.
1757 5531 1762 5542 ,

1010 5539 1083 5602 (667)
1099 5538 1169 5596 11666
1181 5537 1330 5594 renovatio
1342 5537 1521 5609 episcopatus
1535 5533 1778 5605 llsrseburgensis

975 5626 1026 5681 per
1038 5609 1169 5666 chartam
1188 5608 1264 5682 regis
1278 5624 1356 5665 anno
1374 5607 1452 5678 1001,
1472 5605 1553 5664 uara
1575 5607 1592 5666 t
1616 5605 1716 5662 datam
1736 5605 1779 5666 est

156 5679 232 5755 (666)
245 5681 373 5736 Plurima
387 5698 404 5736 a
420 5681 558 5738 Ileinrico
571 5683 595 5738 ll
613 5685 680 5738 sunt
694 5681 843 5754 privilegia
858 5679 923 5738 data
976 5681 1093 5740 sancita.
