<?xml version="1.0" encoding="UTF-8"?>
<!DOCTYPE html PUBLIC "-//W3C//DTD XHTML 1.0 Transitional//EN"
    "http://www.w3.org/TR/xhtml1/DTD/xhtml1-transitional.dtd">
<html xmlns="http://www.w3.org/1999/xhtml" xml:lang="en" lang="en">
 <head>
  <title>
</title>
<meta http-equiv="Content-Type" content="text/html;charset=utf-8" />
  <meta name='ocr-system' content='tesseract 3.04.00' />
  <meta name='ocr-capabilities' content='ocr_page ocr_carea ocr_par ocr_line ocrx_word'/>
</head>
<body>
  <div class='ocr_page' id='page_1' title='image "./patrologiaecurs96unkngoog_0404.png"; bbox 0 0 3952 6176; ppageno 0'>
   <div class='ocr_carea' id='block_1_1' title="bbox 251 353 1858 556">
    <p class='ocr_par' dir='ltr' id='par_1_1' title="bbox 251 353 1858 556">
     <span class='ocr_line' id='line_1_1' title="bbox 254 353 1858 428; baseline 0.002 -14"><span class='ocrx_word' id='word_1_1' title='bbox 254 355 308 414; x_wconf 78' lang='lat' dir='ltr'>&#39;ltt</span> <span class='ocrx_word' id='word_1_2' title='bbox 797 353 1364 428; x_wconf 78' lang='lat' dir='ltr'>Atuorntuovacuvvtouucuvsts</span> <span class='ocrx_word' id='word_1_3' title='bbox 1817 361 1858 418; x_wconf 88' lang='lat' dir='ltr'>evo</span> 
     </span>
     <span class='ocr_line' id='line_1_2' title="bbox 251 472 1795 556; baseline 0 -20"><span class='ocrx_word' id='word_1_4' title='bbox 251 472 1052 554; x_wconf 76' lang='lat' dir='ltr'>Agmamotionnmerashominnmglomerarecaterves‚</span> <span class='ocrx_word' id='word_1_5' title='bbox 1065 485 1093 547; x_wconf 69' lang='lat' dir='ltr'>A</span> <span class='ocrx_word' id='word_1_6' title='bbox 1108 479 1127 536; x_wconf 88' lang='lat' dir='ltr'>S</span> <span class='ocrx_word' id='word_1_7' title='bbox 1132 481 1247 554; x_wconf 91' lang='lat' dir='ltr'>pendeo</span> <span class='ocrx_word' id='word_1_8' title='bbox 1260 483 1384 540; x_wconf 86' lang='lat' dir='ltr'>celatum</span> <span class='ocrx_word' id='word_1_9' title='bbox 1394 497 1506 540; x_wconf 86' lang='lat' dir='ltr'>servare</span> <span class='ocrx_word' id='word_1_10' title='bbox 1521 479 1551 538; x_wconf 90' lang='lat' dir='ltr'>iu</span> <span class='ocrx_word' id='word_1_11' title='bbox 1563 481 1673 556; x_wconf 88' lang='lat' dir='ltr'>pectore</span> <span class='ocrx_word' id='word_1_12' title='bbox 1682 477 1795 536; x_wconf 88' lang='lat' dir='ltr'>verbum.</span> 
     </span>
    </p>
   </div>
   <div class='ocr_carea' id='block_1_2' title="bbox 252 566 986 908">
    <p class='ocr_par' dir='ltr' id='par_1_2' title="bbox 252 566 986 908">
     <span class='ocr_line' id='line_1_3' title="bbox 253 566 881 640; baseline -0.006 -14"><span class='ocrx_word' id='word_1_13' title='bbox 253 569 407 626; x_wconf 82' lang='lat' dir='ltr'>Prmcleras</span> <span class='ocrx_word' id='word_1_14' title='bbox 419 566 616 633; x_wconf 86' lang='lat' dir='ltr'>Laodebodns,</span> <span class='ocrx_word' id='word_1_15' title='bbox 633 567 727 623; x_wconf 88' lang='lat' dir='ltr'>studio</span> <span class='ocrx_word' id='word_1_16' title='bbox 741 567 881 640; x_wconf 71' lang='lat' dir='ltr'>vigilanti,</span> 
     </span>
     <span class='ocr_line' id='line_1_4' title="bbox 254 653 982 731; baseline -0.008 -15"><span class='ocrx_word' id='word_1_17' title='bbox 254 657 417 731; x_wconf 72' lang='lat' dir='ltr'>congreget</span> <span class='ocrx_word' id='word_1_18' title='bbox 428 660 460 711; x_wconf 91' lang='lat' dir='ltr'>nt</span> <span class='ocrx_word' id='word_1_19' title='bbox 473 653 584 712; x_wconf 88' lang='lat' dir='ltr'>Christo</span> <span class='ocrx_word' id='word_1_20' title='bbox 595 655 708 728; x_wconf 85' lang='lat' dir='ltr'>juratas</span> <span class='ocrx_word' id='word_1_21' title='bbox 724 659 825 729; x_wconf 87' lang='lat' dir='ltr'>sponte</span> <span class='ocrx_word' id='word_1_22' title='bbox 841 657 982 712; x_wconf 91' lang='lat' dir='ltr'>cohortes.</span> 
     </span>
     <span class='ocr_line' id='line_1_5' title="bbox 254 745 986 820; baseline 0 -18"><span class='ocrx_word' id='word_1_23' title='bbox 254 748 324 810; x_wconf 76' lang='lat' dir='ltr'>ilinc</span> <span class='ocrx_word' id='word_1_24' title='bbox 337 763 423 820; x_wconf 88' lang='lat' dir='ltr'>quem</span> <span class='ocrx_word' id='word_1_25' title='bbox 434 745 557 818; x_wconf 90' lang='lat' dir='ltr'>pastoris</span> <span class='ocrx_word' id='word_1_26' title='bbox 571 747 718 802; x_wconf 80' lang='lat' dir='ltr'>condonet</span> <span class='ocrx_word' id='word_1_27' title='bbox 731 763 851 802; x_wconf 88' lang='lat' dir='ltr'>munere</span> <span class='ocrx_word' id='word_1_28' title='bbox 865 746 986 820; x_wconf 90' lang='lat' dir='ltr'>dignum</span> 
     </span>
     <span class='ocr_line' id='line_1_6' title="bbox 252 833 916 908; baseline 0.002 -18"><span class='ocrx_word' id='word_1_29' title='bbox 252 834 418 908; x_wconf 80' lang='lat' dir='ltr'>Exquirens,</span> <span class='ocrx_word' id='word_1_30' title='bbox 435 833 546 890; x_wconf 90' lang='lat' dir='ltr'>meritis</span> <span class='ocrx_word' id='word_1_31' title='bbox 557 833 700 890; x_wconf 78' lang='lat' dir='ltr'>vivacibus</span> <span class='ocrx_word' id='word_1_32' title='bbox 719 838 806 907; x_wconf 89' lang='lat' dir='ltr'>atque</span> <span class='ocrx_word' id='word_1_33' title='bbox 825 835 916 891; x_wconf 91' lang='lat' dir='ltr'>beatis</span> 
     </span>
    </p>
   </div>
   <div class='ocr_carea' id='block_1_3' title="bbox 255 923 1056 997">
    <p class='ocr_par' dir='ltr' id='par_1_3' title="bbox 255 923 1056 997">
     <span class='ocr_line' id='line_1_7' title="bbox 255 923 1056 997; baseline -0.002 -17"><span class='ocrx_word' id='word_1_34' title='bbox 255 924 547 981; x_wconf 83' lang='lat' dir='ltr'>luvenitrnonachum</span> <span class='ocrx_word' id='word_1_35' title='bbox 564 923 689 980; x_wconf 91' lang='lat' dir='ltr'>Domino</span> <span class='ocrx_word' id='word_1_36' title='bbox 705 925 869 997; x_wconf 86' lang='lat' dir='ltr'>populoque</span> <span class='ocrx_word' id='word_1_37' title='bbox 880 925 1056 996; x_wconf 64' lang='lat' dir='ltr'>placentem,</span> 
     </span>
    </p>
   </div>
   <div class='ocr_carea' id='block_1_4' title="bbox 1107 568 1813 997">
    <p class='ocr_par' dir='ltr' id='par_1_4' title="bbox 1107 568 1813 997">
     <span class='ocr_line' id='line_1_8' title="bbox 1108 568 1703 644; baseline 0.002 -20"><span class='ocrx_word' id='word_1_38' title='bbox 1108 569 1283 644; x_wconf 91' lang='lat' dir='ltr'>Consiliiqne</span> <span class='ocrx_word' id='word_1_39' title='bbox 1297 572 1354 627; x_wconf 90' lang='lat' dir='ltr'>mei</span> <span class='ocrx_word' id='word_1_40' title='bbox 1365 571 1438 627; x_wconf 90' lang='lat' dir='ltr'>vires</span> <span class='ocrx_word' id='word_1_41' title='bbox 1448 571 1578 644; x_wconf 76' lang='lat' dir='ltr'>prebere</span> <span class='ocrx_word' id='word_1_42' title='bbox 1594 568 1703 644; x_wconf 90' lang='lat' dir='ltr'>petenti.</span> 
     </span>
     <span class='ocr_line' id='line_1_9' title="bbox 1108 658 1763 732; baseline -0.008 -18"><span class='ocrx_word' id='word_1_43' title='bbox 1108 660 1234 728; x_wconf 84' lang='lat' dir='ltr'>Dixerat,</span> <span class='ocrx_word' id='word_1_44' title='bbox 1248 665 1277 715; x_wconf 92' lang='lat' dir='ltr'>ct</span> <span class='ocrx_word' id='word_1_45' title='bbox 1292 661 1367 716; x_wconf 85' lang='lat' dir='ltr'>dicta</span> <span class='ocrx_word' id='word_1_46' title='bbox 1381 660 1557 732; x_wconf 86' lang='lat' dir='ltr'>Aignllnssic</span> <span class='ocrx_word' id='word_1_47' title='bbox 1571 674 1636 714; x_wconf 91' lang='lat' dir='ltr'>voce</span> <span class='ocrx_word' id='word_1_48' title='bbox 1653 658 1763 712; x_wconf 79' lang='lat' dir='ltr'>secutm.</span> 
     </span>
     <span class='ocr_line' id='line_1_10' title="bbox 1107 747 1752 821; baseline -0.003 -19"><span class='ocrx_word' id='word_1_49' title='bbox 1107 749 1189 804; x_wconf 87' lang='lat' dir='ltr'>Nulla</span> <span class='ocrx_word' id='word_1_50' title='bbox 1204 766 1269 805; x_wconf 91' lang='lat' dir='ltr'>meo</span> <span class='ocrx_word' id='word_1_51' title='bbox 1285 750 1379 821; x_wconf 88' lang='lat' dir='ltr'>major</span> <span class='ocrx_word' id='word_1_52' title='bbox 1391 747 1611 804; x_wconf 87' lang='lat' dir='ltr'>versaturcorde</span> <span class='ocrx_word' id='word_1_53' title='bbox 1624 747 1752 818; x_wconf 86' lang='lat' dir='ltr'>voluptas,</span> 
     </span>
     <span class='ocr_line' id='line_1_11' title="bbox 1108 832 1813 909; baseline -0.001 -18"><span class='ocrx_word' id='word_1_54' title='bbox 1108 836 1200 901; x_wconf 80' lang='lat' dir='ltr'>Quam</span> <span class='ocrx_word' id='word_1_55' title='bbox 1214 836 1308 909; x_wconf 89' lang='lat' dir='ltr'>potiar</span> <span class='ocrx_word' id='word_1_56' title='bbox 1320 853 1399 894; x_wconf 89' lang='lat' dir='ltr'>sacre</span> <span class='ocrx_word' id='word_1_57' title='bbox 1411 835 1555 892; x_wconf 78' lang='lat' dir='ltr'>Benedicti</span> <span class='ocrx_word' id='word_1_58' title='bbox 1567 838 1598 891; x_wconf 93' lang='lat' dir='ltr'>ut</span> <span class='ocrx_word' id='word_1_59' title='bbox 1611 832 1813 906; x_wconf 87' lang='lat' dir='ltr'>corporePatris.</span> 
     </span>
     <span class='ocr_line' id='line_1_12' title="bbox 1107 922 1756 997; baseline -0.008 -17"><span class='ocrx_word' id='word_1_60' title='bbox 1107 927 1231 980; x_wconf 87' lang='lat' dir='ltr'>Domum</span> <span class='ocrx_word' id='word_1_61' title='bbox 1240 941 1331 997; x_wconf 90' lang='lat' dir='ltr'>panca</span> <span class='ocrx_word' id='word_1_62' title='bbox 1345 927 1435 982; x_wconf 80' lang='lat' dir='ltr'>refert</span> <span class='ocrx_word' id='word_1_63' title='bbox 1448 942 1507 982; x_wconf 85' lang='lat' dir='ltr'>aevc</span> <span class='ocrx_word' id='word_1_64' title='bbox 1522 927 1649 981; x_wconf 88' lang='lat' dir='ltr'>maturus</span> <span class='ocrx_word' id='word_1_65' title='bbox 1662 923 1697 977; x_wconf 89' lang='lat' dir='ltr'>ad</span> <span class='ocrx_word' id='word_1_66' title='bbox 1708 922 1756 976; x_wconf 88' lang='lat' dir='ltr'>ista</span> 
     </span>
    </p>
   </div>
   <div class='ocr_carea' id='block_1_5' title="bbox 251 1011 1770 1087">
    <p class='ocr_par' dir='ltr' id='par_1_5' title="bbox 251 1011 1770 1087">
     <span class='ocr_line' id='line_1_13' title="bbox 251 1011 1770 1087; baseline -0.005 -16"><span class='ocrx_word' id='word_1_67' title='bbox 251 1013 424 1074; x_wconf 85' lang='lat' dir='ltr'>llummolus</span> <span class='ocrx_word' id='word_1_68' title='bbox 448 1011 514 1068; x_wconf 91' lang='lat' dir='ltr'>huic</span> <span class='ocrx_word' id='word_1_69' title='bbox 538 1025 659 1082; x_wconf 89' lang='lat' dir='ltr'>nomen,</span> <span class='ocrx_word' id='word_1_70' title='bbox 685 1013 799 1084; x_wconf 86' lang='lat' dir='ltr'>generis</span> <span class='ocrx_word' id='word_1_71' title='bbox 820 1029 936 1087; x_wconf 88' lang='lat' dir='ltr'>qnoque</span> <span class='ocrx_word' id='word_1_72' title='bbox 961 1011 1057 1068; x_wconf 86' lang='lat' dir='ltr'>nobile</span> <span class='ocrx_word' id='word_1_73' title='bbox 1106 1017 1218 1069; x_wconf 86' lang='lat' dir='ltr'>Arcano</span> <span class='ocrx_word' id='word_1_74' title='bbox 1232 1015 1337 1083; x_wconf 89' lang='lat' dir='ltr'>senior,</span> <span class='ocrx_word' id='word_1_75' title='bbox 1350 1015 1474 1071; x_wconf 89' lang='lat' dir='ltr'>reddens</span> <span class='ocrx_word' id='word_1_76' title='bbox 1494 1016 1547 1070; x_wconf 90' lang='lat' dir='ltr'>hac</span> <span class='ocrx_word' id='word_1_77' title='bbox 1562 1016 1674 1085; x_wconf 91' lang='lat' dir='ltr'>pectore</span> <span class='ocrx_word' id='word_1_78' title='bbox 1688 1025 1770 1065; x_wconf 84' lang='lat' dir='ltr'>voces.</span> 
     </span>
    </p>
   </div>
   <div class='ocr_carea' id='block_1_6' title="bbox 254 1115 1021 1886">
    <p class='ocr_par' dir='ltr' id='par_1_6' title="bbox 254 1115 1021 1886">
     <span class='ocr_line' id='line_1_14' title="bbox 876 1115 1021 1175; baseline 0.014 -17"><span class='ocrx_word' id='word_1_79' title='bbox 876 1115 1021 1175; x_wconf 84' lang='lat' dir='ltr'>[germen.</span> 
     </span>
     <span class='ocr_line' id='line_1_15' title="bbox 255 1191 986 1266; baseline -0.004 -17"><span class='ocrx_word' id='word_1_80' title='bbox 255 1191 400 1250; x_wconf 82' lang='lat' dir='ltr'>Fratribus</span> <span class='ocrx_word' id='word_1_81' title='bbox 414 1192 492 1248; x_wconf 90' lang='lat' dir='ltr'>hunc</span> <span class='ocrx_word' id='word_1_82' title='bbox 505 1191 623 1266; x_wconf 87' lang='lat' dir='ltr'>reliquis</span> <span class='ocrx_word' id='word_1_83' title='bbox 637 1192 766 1248; x_wconf 90' lang='lat' dir='ltr'>consulte</span> <span class='ocrx_word' id='word_1_84' title='bbox 780 1192 911 1265; x_wconf 83' lang='lat' dir='ltr'>praeficit;</span> <span class='ocrx_word' id='word_1_85' title='bbox 926 1191 986 1262; x_wconf 88' lang='lat' dir='ltr'>ipse</span> 
     </span>
     <span class='ocr_line' id='line_1_16' title="bbox 254 1281 981 1355; baseline -0.001 -18"><span class='ocrx_word' id='word_1_86' title='bbox 254 1282 322 1338; x_wconf 85' lang='lat' dir='ltr'>Post</span> <span class='ocrx_word' id='word_1_87' title='bbox 336 1283 429 1338; x_wconf 86' lang='lat' dir='ltr'>metes</span> <span class='ocrx_word' id='word_1_88' title='bbox 443 1282 508 1338; x_wconf 77' lang='lat' dir='ltr'>vitae</span> <span class='ocrx_word' id='word_1_89' title='bbox 522 1297 640 1355; x_wconf 87' lang='lat' dir='ltr'>superas</span> <span class='ocrx_word' id='word_1_90' title='bbox 654 1281 822 1337; x_wconf 82' lang='lat' dir='ltr'>conscendit</span> <span class='ocrx_word' id='word_1_91' title='bbox 840 1281 877 1337; x_wconf 91' lang='lat' dir='ltr'>ad</span> <span class='ocrx_word' id='word_1_92' title='bbox 891 1297 981 1336; x_wconf 85' lang='lat' dir='ltr'>arces.</span> 
     </span>
     <span class='ocr_line' id='line_1_17' title="bbox 254 1369 1006 1442; baseline -0.005 -14"><span class='ocrx_word' id='word_1_93' title='bbox 254 1371 306 1428; x_wconf 85' lang='lat' dir='ltr'>Ast</span> <span class='ocrx_word' id='word_1_94' title='bbox 319 1371 417 1441; x_wconf 90' lang='lat' dir='ltr'>pastor</span> <span class='ocrx_word' id='word_1_95' title='bbox 427 1369 581 1426; x_wconf 89' lang='lat' dir='ltr'>commissa</span> <span class='ocrx_word' id='word_1_96' title='bbox 595 1369 691 1442; x_wconf 88' lang='lat' dir='ltr'>gregis</span> <span class='ocrx_word' id='word_1_97' title='bbox 700 1369 905 1426; x_wconf 89' lang='lat' dir='ltr'>moderamina</span> <span class='ocrx_word' id='word_1_98' title='bbox 916 1369 1006 1425; x_wconf 90' lang='lat' dir='ltr'>sancti</span> 
     </span>
     <span class='ocr_line' id='line_1_18' title="bbox 255 1457 990 1531; baseline -0.003 -15"><span class='ocrx_word' id='word_1_99' title='bbox 255 1458 377 1516; x_wconf 84' lang='lat' dir='ltr'>Provide</span> <span class='ocrx_word' id='word_1_100' title='bbox 389 1474 559 1531; x_wconf 79' lang='lat' dir='ltr'>procurans,</span> <span class='ocrx_word' id='word_1_101' title='bbox 573 1459 704 1516; x_wconf 88' lang='lat' dir='ltr'>animum</span> <span class='ocrx_word' id='word_1_102' title='bbox 719 1457 830 1530; x_wconf 87' lang='lat' dir='ltr'>scriptis</span> <span class='ocrx_word' id='word_1_103' title='bbox 844 1459 990 1514; x_wconf 83' lang='lat' dir='ltr'>relevabat</span> 
     </span>
     <span class='ocr_line' id='line_1_19' title="bbox 254 1545 880 1621; baseline 0 -19"><span class='ocrx_word' id='word_1_104' title='bbox 254 1545 405 1616; x_wconf 80' lang='lat' dir='ltr'>ldellilluis,</span> <span class='ocrx_word' id='word_1_105' title='bbox 420 1563 528 1621; x_wconf 88' lang='lat' dir='ltr'>gnarus</span> <span class='ocrx_word' id='word_1_106' title='bbox 539 1547 622 1604; x_wconf 90' lang='lat' dir='ltr'>dictis</span> <span class='ocrx_word' id='word_1_107' title='bbox 634 1549 752 1603; x_wconf 88' lang='lat' dir='ltr'>Petrum</span> <span class='ocrx_word' id='word_1_108' title='bbox 768 1547 880 1602; x_wconf 88' lang='lat' dir='ltr'>sociari.</span> 
     </span>
     <span class='ocr_line' id='line_1_20' title="bbox 254 1635 953 1707; baseline 0.001 -16"><span class='ocrx_word' id='word_1_109' title='bbox 254 1635 436 1707; x_wconf 76' lang='lat' dir='ltr'>Pracipuum</span> <span class='ocrx_word' id='word_1_110' title='bbox 449 1636 479 1692; x_wconf 94' lang='lat' dir='ltr'>in</span> <span class='ocrx_word' id='word_1_111' title='bbox 492 1636 572 1692; x_wconf 89' lang='lat' dir='ltr'>libris</span> <span class='ocrx_word' id='word_1_112' title='bbox 582 1635 622 1691; x_wconf 94' lang='lat' dir='ltr'>illi</span> <span class='ocrx_word' id='word_1_113' title='bbox 636 1635 763 1692; x_wconf 88' lang='lat' dir='ltr'>studium</span> <span class='ocrx_word' id='word_1_114' title='bbox 779 1635 953 1707; x_wconf 86' lang='lat' dir='ltr'>relegendis,</span> 
     </span>
     <span class='ocr_line' id='line_1_21' title="bbox 255 1725 917 1799; baseline 0.002 -20"><span class='ocrx_word' id='word_1_115' title='bbox 255 1725 374 1783; x_wconf 77' lang='lat' dir='ltr'>Pectore</span> <span class='ocrx_word' id='word_1_116' title='bbox 389 1741 460 1797; x_wconf 91' lang='lat' dir='ltr'>quos</span> <span class='ocrx_word' id='word_1_117' title='bbox 473 1739 554 1786; x_wconf 89' lang='lat' dir='ltr'>sacro</span> <span class='ocrx_word' id='word_1_118' title='bbox 570 1725 700 1799; x_wconf 90' lang='lat' dir='ltr'>proludit</span> <span class='ocrx_word' id='word_1_119' title='bbox 713 1741 789 1798; x_wconf 88' lang='lat' dir='ltr'>papa</span> <span class='ocrx_word' id='word_1_120' title='bbox 806 1726 917 1794; x_wconf 89' lang='lat' dir='ltr'>beatus,</span> 
     </span>
     <span class='ocr_line' id='line_1_22' title="bbox 255 1813 825 1886; baseline -0.002 -14"><span class='ocrx_word' id='word_1_121' title='bbox 255 1813 377 1872; x_wconf 78' lang='lat' dir='ltr'>iucundi</span> <span class='ocrx_word' id='word_1_122' title='bbox 389 1813 469 1870; x_wconf 90' lang='lat' dir='ltr'>verbi</span> <span class='ocrx_word' id='word_1_123' title='bbox 481 1831 580 1872; x_wconf 88' lang='lat' dir='ltr'>sensns</span> <span class='ocrx_word' id='word_1_124' title='bbox 593 1815 749 1886; x_wconf 86' lang='lat' dir='ltr'>Gregorius</span> <span class='ocrx_word' id='word_1_125' title='bbox 763 1815 825 1872; x_wconf 91' lang='lat' dir='ltr'>alti.</span> 
     </span>
    </p>
   </div>
   <div class='ocr_carea' id='block_1_7' title="bbox 1107 1095 1867 1252">
    <p class='ocr_par' dir='ltr' id='par_1_7' title="bbox 1107 1095 1867 1252">
     <span class='ocr_line' id='line_1_23' title="bbox 1107 1095 1867 1175; baseline -0.005 -19"><span class='ocrx_word' id='word_1_126' title='bbox 1107 1103 1173 1156; x_wconf 80' lang='lat' dir='ltr'>llaec</span> <span class='ocrx_word' id='word_1_127' title='bbox 1183 1103 1351 1174; x_wconf 87' lang='lat' dir='ltr'>peragenda</span> <span class='ocrx_word' id='word_1_128' title='bbox 1361 1103 1489 1175; x_wconf 89' lang='lat' dir='ltr'>quidem,</span> <span class='ocrx_word' id='word_1_129' title='bbox 1499 1110 1607 1174; x_wconf 80' lang='lat' dir='ltr'>magno</span> <span class='ocrx_word' id='word_1_130' title='bbox 1618 1100 1665 1155; x_wconf 89' lang='lat' dir='ltr'>sed</span> <span class='ocrx_word' id='word_1_131' title='bbox 1679 1095 1867 1166; x_wconf 89' lang='lat' dir='ltr'>mnnerc,dixit:</span> 
     </span>
     <span class='ocr_line' id='line_1_24' title="bbox 1108 1179 1788 1252; baseline -0.009 -13"><span class='ocrx_word' id='word_1_132' title='bbox 1108 1183 1181 1239; x_wconf 83' lang='lat' dir='ltr'>Sunt</span> <span class='ocrx_word' id='word_1_133' title='bbox 1194 1183 1365 1240; x_wconf 86' lang='lat' dir='ltr'>redimenda</span> <span class='ocrx_word' id='word_1_134' title='bbox 1379 1184 1441 1252; x_wconf 93' lang='lat' dir='ltr'>tibi,</span> <span class='ocrx_word' id='word_1_135' title='bbox 1457 1184 1481 1239; x_wconf 93' lang='lat' dir='ltr'>si</span> <span class='ocrx_word' id='word_1_136' title='bbox 1496 1201 1543 1239; x_wconf 89' lang='lat' dir='ltr'>mc</span> <span class='ocrx_word' id='word_1_137' title='bbox 1557 1184 1598 1238; x_wconf 91' lang='lat' dir='ltr'>vis</span> <span class='ocrx_word' id='word_1_138' title='bbox 1610 1182 1700 1238; x_wconf 90' lang='lat' dir='ltr'>indice</span> <span class='ocrx_word' id='word_1_139' title='bbox 1710 1179 1788 1236; x_wconf 69' lang='lat' dir='ltr'>mutis</span> 
     </span>
    </p>
   </div>
   <div class='ocr_carea' id='block_1_8' title="bbox 1109 1272 1876 1798">
    <p class='ocr_par' dir='ltr' id='par_1_8' title="bbox 1109 1272 1876 1798">
     <span class='ocr_line' id='line_1_25' title="bbox 1109 1272 1788 1337; baseline -0.003 -10"><span class='ocrx_word' id='word_1_140' title='bbox 1109 1272 1265 1337; x_wconf 84' lang='lat' dir='ltr'>Quaesitum</span> <span class='ocrx_word' id='word_1_141' title='bbox 1281 1273 1365 1329; x_wconf 91' lang='lat' dir='ltr'>terris</span> <span class='ocrx_word' id='word_1_142' title='bbox 1380 1273 1548 1330; x_wconf 88' lang='lat' dir='ltr'>thesaurum</span> <span class='ocrx_word' id='word_1_143' title='bbox 1562 1287 1678 1329; x_wconf 89' lang='lat' dir='ltr'>cernere</span> <span class='ocrx_word' id='word_1_144' title='bbox 1689 1285 1788 1326; x_wconf 89' lang='lat' dir='ltr'>coram.</span> 
     </span>
     <span class='ocr_line' id='line_1_26' title="bbox 1110 1359 1806 1433; baseline -0.004 -17"><span class='ocrx_word' id='word_1_145' title='bbox 1110 1361 1305 1433; x_wconf 82' lang='lat' dir='ltr'>Sicqnesener</span> <span class='ocrx_word' id='word_1_146' title='bbox 1318 1361 1405 1430; x_wconf 89' lang='lat' dir='ltr'>latur,</span> <span class='ocrx_word' id='word_1_147' title='bbox 1423 1379 1489 1419; x_wconf 85' lang='lat' dir='ltr'>curn</span> <span class='ocrx_word' id='word_1_148' title='bbox 1504 1362 1574 1418; x_wconf 90' lang='lat' dir='ltr'>talia</span> <span class='ocrx_word' id='word_1_149' title='bbox 1587 1359 1711 1418; x_wconf 86' lang='lat' dir='ltr'>reddidit</span> <span class='ocrx_word' id='word_1_150' title='bbox 1723 1360 1806 1414; x_wconf 89' lang='lat' dir='ltr'>heros.</span> 
     </span>
     <span class='ocr_line' id='line_1_27' title="bbox 1110 1447 1876 1523; baseline -0.003 -19"><span class='ocrx_word' id='word_1_151' title='bbox 1110 1447 1233 1504; x_wconf 79' lang='lat' dir='ltr'>Praemia</span> <span class='ocrx_word' id='word_1_152' title='bbox 1249 1465 1358 1521; x_wconf 90' lang='lat' dir='ltr'>magna</span> <span class='ocrx_word' id='word_1_153' title='bbox 1369 1449 1455 1520; x_wconf 83' lang='lat' dir='ltr'>teres,</span> <span class='ocrx_word' id='word_1_154' title='bbox 1471 1453 1586 1508; x_wconf 79' lang='lat' dir='ltr'>teritum</span> <span class='ocrx_word' id='word_1_155' title='bbox 1601 1449 1624 1506; x_wconf 92' lang='lat' dir='ltr'>si</span> <span class='ocrx_word' id='word_1_156' title='bbox 1637 1448 1713 1523; x_wconf 90' lang='lat' dir='ltr'>quod</span> <span class='ocrx_word' id='word_1_157' title='bbox 1725 1463 1788 1520; x_wconf 89' lang='lat' dir='ltr'>rogo</span> <span class='ocrx_word' id='word_1_158' title='bbox 1810 1461 1876 1502; x_wconf 86' lang='lat' dir='ltr'>mon·</span> 
     </span>
     <span class='ocr_line' id='line_1_28' title="bbox 1775 1539 1851 1602; baseline 0 -12"><span class='ocrx_word' id='word_1_159' title='bbox 1775 1539 1851 1602; x_wconf 68' lang='lat' dir='ltr'>[strae</span> 
     </span>
     <span class='ocr_line' id='line_1_29' title="bbox 1110 1625 1823 1708; baseline -0.02 -17"><span class='ocrx_word' id='word_1_160' title='bbox 1110 1635 1309 1708; x_wconf 89' lang='lat' dir='ltr'>Polliceorqua</span> <span class='ocrx_word' id='word_1_161' title='bbox 1325 1648 1439 1689; x_wconf 88' lang='lat' dir='ltr'>moram</span> <span class='ocrx_word' id='word_1_162' title='bbox 1453 1631 1562 1686; x_wconf 90' lang='lat' dir='ltr'>nnllam</span> <span class='ocrx_word' id='word_1_163' title='bbox 1577 1625 1739 1700; x_wconf 78' lang='lat' dir='ltr'>generarier</span> <span class='ocrx_word' id='word_1_164' title='bbox 1749 1639 1823 1678; x_wconf 90' lang='lat' dir='ltr'>ame.</span> 
     </span>
     <span class='ocr_line' id='line_1_30' title="bbox 1110 1713 1795 1798; baseline -0.016 -19"><span class='ocrx_word' id='word_1_165' title='bbox 1110 1725 1227 1782; x_wconf 89' lang='lat' dir='ltr'>llleDeo</span> <span class='ocrx_word' id='word_1_166' title='bbox 1240 1725 1352 1798; x_wconf 89' lang='lat' dir='ltr'>plenus,</span> <span class='ocrx_word' id='word_1_167' title='bbox 1368 1721 1551 1792; x_wconf 88' lang='lat' dir='ltr'>tacitaquem</span> <span class='ocrx_word' id='word_1_168' title='bbox 1566 1720 1665 1774; x_wconf 90' lang='lat' dir='ltr'>mente</span> <span class='ocrx_word' id='word_1_169' title='bbox 1677 1713 1795 1788; x_wconf 77' lang='lat' dir='ltr'>gerebat,</span> 
     </span>
    </p>
   </div>
   <div class='ocr_carea' id='block_1_9' title="bbox 1072 1805 1702 1886">
    <p class='ocr_par' dir='ltr' id='par_1_9' title="bbox 1072 1805 1702 1886">
     <span class='ocr_line' id='line_1_31' title="bbox 1072 1805 1702 1886; baseline -0.019 -14"><span class='ocrx_word' id='word_1_170' title='bbox 1072 1805 1098 1866; x_wconf 90' lang='grc' dir='ltr'>Β</span> <span class='ocrx_word' id='word_1_171' title='bbox 1110 1816 1218 1873; x_wconf 88' lang='lat' dir='ltr'>Elludit</span> <span class='ocrx_word' id='word_1_172' title='bbox 1232 1815 1333 1886; x_wconf 85' lang='lat' dir='ltr'>dignas</span> <span class='ocrx_word' id='word_1_173' title='bbox 1347 1826 1418 1866; x_wconf 89' lang='lat' dir='ltr'>sano</span> <span class='ocrx_word' id='word_1_174' title='bbox 1433 1809 1469 1864; x_wconf 91' lang='lat' dir='ltr'>de</span> <span class='ocrx_word' id='word_1_175' title='bbox 1481 1809 1598 1880; x_wconf 89' lang='lat' dir='ltr'>pectore</span> <span class='ocrx_word' id='word_1_176' title='bbox 1612 1819 1702 1862; x_wconf 88' lang='lat' dir='ltr'>voces.</span> 
     </span>
    </p>
   </div>
   <div class='ocr_carea' id='block_1_10' title="bbox 257 1887 1846 1975">
    <p class='ocr_par' dir='ltr' id='par_1_10' title="bbox 257 1887 1846 1975">
     <span class='ocr_line' id='line_1_32' title="bbox 257 1887 1846 1975; baseline -0.008 -19"><span class='ocrx_word' id='word_1_177' title='bbox 257 1900 350 1965; x_wconf 83' lang='lat' dir='ltr'>Quem</span> <span class='ocrx_word' id='word_1_178' title='bbox 366 1900 464 1958; x_wconf 90' lang='lat' dir='ltr'>docuit</span> <span class='ocrx_word' id='word_1_179' title='bbox 475 1902 905 1975; x_wconf 88' lang='lat' dir='ltr'>sanctus,quiadllurninanote</span> <span class='ocrx_word' id='word_1_180' title='bbox 919 1902 1060 1960; x_wconf 81' lang='lat' dir='ltr'>columbas</span> <span class='ocrx_word' id='word_1_181' title='bbox 1112 1906 1184 1962; x_wconf 83' lang='lat' dir='ltr'>Cum</span> <span class='ocrx_word' id='word_1_182' title='bbox 1197 1920 1253 1959; x_wconf 83' lang='lat' dir='ltr'>nox</span> <span class='ocrx_word' id='word_1_183' title='bbox 1269 1906 1331 1957; x_wconf 89' lang='lat' dir='ltr'>alra</span> <span class='ocrx_word' id='word_1_184' title='bbox 1345 1901 1443 1971; x_wconf 91' lang='lat' dir='ltr'>polum</span> <span class='ocrx_word' id='word_1_185' title='bbox 1460 1895 1628 1963; x_wconf 82' lang='lat' dir='ltr'>subtexerit,</span> <span class='ocrx_word' id='word_1_186' title='bbox 1643 1896 1726 1966; x_wconf 89' lang='lat' dir='ltr'>etque</span> <span class='ocrx_word' id='word_1_187' title='bbox 1740 1887 1846 1946; x_wconf 83' lang='lat' dir='ltr'>coruscis</span> 
     </span>
    </p>
   </div>
   <div class='ocr_carea' id='block_1_11' title="bbox 182 1987 1021 3204">
    <p class='ocr_par' dir='ltr' id='par_1_11' title="bbox 256 1987 940 2063">
     <span class='ocr_line' id='line_1_33' title="bbox 256 1987 940 2063; baseline 0 -17"><span class='ocrx_word' id='word_1_188' title='bbox 256 1987 380 2060; x_wconf 81' lang='lat' dir='ltr'>Spiritus</span> <span class='ocrx_word' id='word_1_189' title='bbox 395 1989 425 2046; x_wconf 93' lang='lat' dir='ltr'>tn</span> <span class='ocrx_word' id='word_1_190' title='bbox 440 2006 526 2063; x_wconf 89' lang='lat' dir='ltr'>specu</span> <span class='ocrx_word' id='word_1_191' title='bbox 537 1990 681 2048; x_wconf 85' lang='lat' dir='ltr'>Christum</span> <span class='ocrx_word' id='word_1_192' title='bbox 693 1991 805 2048; x_wconf 89' lang='lat' dir='ltr'>vestivit</span> <span class='ocrx_word' id='word_1_193' title='bbox 818 1992 940 2048; x_wconf 89' lang='lat' dir='ltr'>honore.</span> 
     </span>
    </p>

    <p class='ocr_par' dir='ltr' id='par_1_12' title="bbox 182 2077 1021 3204">
     <span class='ocr_line' id='line_1_34' title="bbox 182 2077 959 2154; baseline 0.004 -20"><span class='ocrx_word' id='word_1_194' title='bbox 182 2123 187 2134; x_wconf 90' lang='lat'>.</span> <span class='ocrx_word' id='word_1_195' title='bbox 254 2077 311 2134; x_wconf 85' lang='lat' dir='ltr'>llos</span> <span class='ocrx_word' id='word_1_196' title='bbox 324 2077 395 2136; x_wconf 87' lang='lat' dir='ltr'>dnm</span> <span class='ocrx_word' id='word_1_197' title='bbox 410 2079 548 2136; x_wconf 88' lang='lat' dir='ltr'>continua</span> <span class='ocrx_word' id='word_1_198' title='bbox 559 2097 672 2136; x_wconf 90' lang='lat' dir='ltr'>versare</span> <span class='ocrx_word' id='word_1_199' title='bbox 688 2097 778 2136; x_wconf 90' lang='lat' dir='ltr'>manu</span> <span class='ocrx_word' id='word_1_200' title='bbox 793 2082 856 2154; x_wconf 90' lang='lat' dir='ltr'>pius</span> <span class='ocrx_word' id='word_1_201' title='bbox 870 2081 959 2138; x_wconf 90' lang='lat' dir='ltr'>instat</span> 
     </span>
     <span class='ocr_line' id='line_1_35' title="bbox 255 2167 1021 2244; baseline 0.005 -22"><span class='ocrx_word' id='word_1_202' title='bbox 255 2167 438 2235; x_wconf 89' lang='lat' dir='ltr'>ltummolus,</span> <span class='ocrx_word' id='word_1_203' title='bbox 453 2168 483 2224; x_wconf 92' lang='lat' dir='ltr'>in</span> <span class='ocrx_word' id='word_1_204' title='bbox 497 2168 584 2241; x_wconf 88' lang='lat' dir='ltr'>gestis</span> <span class='ocrx_word' id='word_1_205' title='bbox 600 2170 692 2226; x_wconf 88' lang='lat' dir='ltr'>Patris</span> <span class='ocrx_word' id='word_1_206' title='bbox 705 2187 821 2244; x_wconf 85' lang='lat' dir='ltr'>semper</span> <span class='ocrx_word' id='word_1_207' title='bbox 835 2170 1021 2226; x_wconf 89' lang='lat' dir='ltr'>memorandi</span> 
     </span>
     <span class='ocr_line' id='line_1_36' title="bbox 257 2254 971 2328; baseline 0.006 -18"><span class='ocrx_word' id='word_1_208' title='bbox 257 2254 396 2328; x_wconf 87' lang='lat' dir='ltr'>llepperit</span> <span class='ocrx_word' id='word_1_209' title='bbox 409 2256 565 2312; x_wconf 89' lang='lat' dir='ltr'>emeritum</span> <span class='ocrx_word' id='word_1_210' title='bbox 581 2256 682 2313; x_wconf 84' lang='lat' dir='ltr'>dixisse</span> <span class='ocrx_word' id='word_1_211' title='bbox 702 2257 759 2314; x_wconf 89' lang='lat' dir='ltr'>suis</span> <span class='ocrx_word' id='word_1_212' title='bbox 773 2259 971 2328; x_wconf 75' lang='lat' dir='ltr'>Praedictum,</span> 
     </span>
     <span class='ocr_line' id='line_1_37' title="bbox 257 2343 917 2416; baseline 0.006 -17"><span class='ocrx_word' id='word_1_213' title='bbox 257 2343 334 2399; x_wconf 91' lang='lat' dir='ltr'>ltnm</span> <span class='ocrx_word' id='word_1_214' title='bbox 352 2344 428 2400; x_wconf 87' lang='lat' dir='ltr'>celsa</span> <span class='ocrx_word' id='word_1_215' title='bbox 441 2343 548 2400; x_wconf 86' lang='lat' dir='ltr'>residet</span> <span class='ocrx_word' id='word_1_216' title='bbox 561 2345 668 2401; x_wconf 80' lang='lat' dir='ltr'>cassini</span> <span class='ocrx_word' id='word_1_217' title='bbox 682 2346 826 2402; x_wconf 90' lang='lat' dir='ltr'>montisia</span> <span class='ocrx_word' id='word_1_218' title='bbox 842 2362 917 2416; x_wconf 90' lang='lat' dir='ltr'>erce,</span> 
     </span>
     <span class='ocr_line' id='line_1_38' title="bbox 257 2429 980 2508; baseline 0.006 -22"><span class='ocrx_word' id='word_1_219' title='bbox 257 2429 338 2496; x_wconf 82' lang='lat' dir='ltr'>Duol</span> <span class='ocrx_word' id='word_1_220' title='bbox 357 2431 427 2488; x_wconf 82' lang='lat' dir='ltr'>dirae</span> <span class='ocrx_word' id='word_1_221' title='bbox 437 2436 573 2490; x_wconf 89' lang='lat' dir='ltr'>eruerent</span> <span class='ocrx_word' id='word_1_222' title='bbox 588 2435 666 2490; x_wconf 91' lang='lat' dir='ltr'>nullo</span> <span class='ocrx_word' id='word_1_223' title='bbox 681 2435 864 2492; x_wconf 84' lang='lat' dir='ltr'>cunctamine</span> <span class='ocrx_word' id='word_1_224' title='bbox 880 2437 980 2508; x_wconf 88' lang='lat' dir='ltr'>gentes</span> 
     </span>
     <span class='ocr_line' id='line_1_39' title="bbox 257 2519 992 2595; baseline 0.005 -20"><span class='ocrx_word' id='word_1_225' title='bbox 257 2519 364 2576; x_wconf 90' lang='lat' dir='ltr'>Dmnia</span> <span class='ocrx_word' id='word_1_226' title='bbox 380 2524 461 2593; x_wconf 89' lang='lat' dir='ltr'>septe</span> <span class='ocrx_word' id='word_1_227' title='bbox 473 2521 577 2594; x_wconf 89' lang='lat' dir='ltr'>gregis.</span> <span class='ocrx_word' id='word_1_228' title='bbox 588 2523 666 2578; x_wconf 86' lang='lat' dir='ltr'>Tunc</span> <span class='ocrx_word' id='word_1_229' title='bbox 676 2523 739 2595; x_wconf 86' lang='lat' dir='ltr'>jem</span> <span class='ocrx_word' id='word_1_230' title='bbox 752 2524 872 2579; x_wconf 90' lang='lat' dir='ltr'>decursa</span> <span class='ocrx_word' id='word_1_231' title='bbox 883 2540 992 2580; x_wconf 89' lang='lat' dir='ltr'>measse</span> 
     </span>
     <span class='ocr_line' id='line_1_40' title="bbox 256 2609 958 2683; baseline 0.006 -20"><span class='ocrx_word' id='word_1_232' title='bbox 256 2610 436 2680; x_wconf 81' lang='lat' dir='ltr'>Agnoscens,</span> <span class='ocrx_word' id='word_1_233' title='bbox 452 2611 566 2665; x_wconf 89' lang='lat' dir='ltr'>sanctus</span> <span class='ocrx_word' id='word_1_234' title='bbox 575 2626 640 2683; x_wconf 84' lang='lat' dir='ltr'>qum</span> <span class='ocrx_word' id='word_1_235' title='bbox 655 2609 765 2666; x_wconf 91' lang='lat' dir='ltr'>viderat</span> <span class='ocrx_word' id='word_1_236' title='bbox 779 2614 848 2667; x_wconf 92' lang='lat' dir='ltr'>ente</span> <span class='ocrx_word' id='word_1_237' title='bbox 861 2612 958 2667; x_wconf 89' lang='lat' dir='ltr'>lutura</span> 
     </span>
     <span class='ocr_line' id='line_1_41' title="bbox 259 2698 931 2770; baseline 0.003 -16"><span class='ocrx_word' id='word_1_238' title='bbox 259 2698 390 2754; x_wconf 89' lang='lat' dir='ltr'>intendit</span> <span class='ocrx_word' id='word_1_239' title='bbox 405 2702 545 2770; x_wconf 87' lang='lat' dir='ltr'>montem,</span> <span class='ocrx_word' id='word_1_240' title='bbox 560 2699 675 2756; x_wconf 88' lang='lat' dir='ltr'>eveniat</span> <span class='ocrx_word' id='word_1_241' title='bbox 687 2700 708 2756; x_wconf 89' lang='lat' dir='ltr'>si</span> <span class='ocrx_word' id='word_1_242' title='bbox 723 2701 797 2757; x_wconf 85' lang='lat' dir='ltr'>sorte</span> <span class='ocrx_word' id='word_1_243' title='bbox 811 2702 931 2757; x_wconf 86' lang='lat' dir='ltr'>facultas</span> 
     </span>
     <span class='ocr_line' id='line_1_42' title="bbox 256 2789 950 2863; baseline 0.006 -21"><span class='ocrx_word' id='word_1_244' title='bbox 256 2789 412 2860; x_wconf 87' lang='lat' dir='ltr'>Asportare</span> <span class='ocrx_word' id='word_1_245' title='bbox 423 2804 536 2844; x_wconf 90' lang='lat' dir='ltr'>sacrum</span> <span class='ocrx_word' id='word_1_246' title='bbox 550 2789 611 2862; x_wconf 82' lang='lat' dir='ltr'>jam</span> <span class='ocrx_word' id='word_1_247' title='bbox 626 2789 694 2846; x_wconf 91' lang='lat' dir='ltr'>dicti</span> <span class='ocrx_word' id='word_1_248' title='bbox 708 2806 812 2863; x_wconf 92' lang='lat' dir='ltr'>corpus</span> <span class='ocrx_word' id='word_1_249' title='bbox 831 2791 950 2848; x_wconf 86' lang='lat' dir='ltr'>alumni.</span> 
     </span>
     <span class='ocr_line' id='line_1_43' title="bbox 256 2875 1009 2952; baseline 0.001 -19"><span class='ocrx_word' id='word_1_250' title='bbox 256 2875 380 2933; x_wconf 72' lang='lat' dir='ltr'>Mittitur</span> <span class='ocrx_word' id='word_1_251' title='bbox 391 2876 529 2950; x_wconf 83' lang='lat' dir='ltr'>Aygullus</span> <span class='ocrx_word' id='word_1_252' title='bbox 541 2895 679 2952; x_wconf 88' lang='lat' dir='ltr'>magnam</span> <span class='ocrx_word' id='word_1_253' title='bbox 691 2878 838 2936; x_wconf 89' lang='lat' dir='ltr'>Diomedis</span> <span class='ocrx_word' id='word_1_254' title='bbox 849 2881 886 2936; x_wconf 90' lang='lat' dir='ltr'>ad</span> <span class='ocrx_word' id='word_1_255' title='bbox 897 2880 1009 2950; x_wconf 87' lang='lat' dir='ltr'>urbem,</span> 
     </span>
     <span class='ocr_line' id='line_1_44' title="bbox 258 2965 982 3038; baseline 0.004 -18"><span class='ocrx_word' id='word_1_256' title='bbox 258 2965 315 3031; x_wconf 84' lang='lat' dir='ltr'>Qui</span> <span class='ocrx_word' id='word_1_257' title='bbox 332 2966 417 3021; x_wconf 90' lang='lat' dir='ltr'>vehat</span> <span class='ocrx_word' id='word_1_258' title='bbox 432 2967 574 3038; x_wconf 88' lang='lat' dir='ltr'>optandos</span> <span class='ocrx_word' id='word_1_259' title='bbox 588 2967 697 3024; x_wconf 88' lang='lat' dir='ltr'>cunctis</span> <span class='ocrx_word' id='word_1_260' title='bbox 711 2968 881 3025; x_wconf 84' lang='lat' dir='ltr'>mortalibus</span> <span class='ocrx_word' id='word_1_261' title='bbox 893 2971 982 3038; x_wconf 90' lang='lat' dir='ltr'>artus,</span> 
     </span>
     <span class='ocr_line' id='line_1_45' title="bbox 259 3053 966 3128; baseline 0.003 -18"><span class='ocrx_word' id='word_1_262' title='bbox 259 3055 281 3110; x_wconf 92' lang='lat'>0</span> <span class='ocrx_word' id='word_1_263' title='bbox 297 3053 464 3122; x_wconf 88' lang='lat' dir='ltr'>Benedicta,</span> <span class='ocrx_word' id='word_1_264' title='bbox 481 3058 555 3126; x_wconf 85' lang='lat' dir='ltr'>tuos,</span> <span class='ocrx_word' id='word_1_265' title='bbox 566 3056 706 3112; x_wconf 89' lang='lat' dir='ltr'>virtutum</span> <span class='ocrx_word' id='word_1_266' title='bbox 719 3057 966 3128; x_wconf 89' lang='lat' dir='ltr'>lampadecleros,</span> 
     </span>
     <span class='ocr_line' id='line_1_46' title="bbox 258 3143 842 3204; baseline 0.01 -6"><span class='ocrx_word' id='word_1_267' title='bbox 258 3143 343 3198; x_wconf 88' lang='lat' dir='ltr'>Celso</span> <span class='ocrx_word' id='word_1_268' title='bbox 357 3143 468 3198; x_wconf 89' lang='lat' dir='ltr'>delatos</span> <span class='ocrx_word' id='word_1_269' title='bbox 479 3143 588 3199; x_wconf 91' lang='lat' dir='ltr'>Cassini</span> <span class='ocrx_word' id='word_1_270' title='bbox 603 3145 708 3200; x_wconf 84' lang='lat' dir='ltr'>vertice</span> <span class='ocrx_word' id='word_1_271' title='bbox 724 3145 842 3204; x_wconf 89' lang='lat' dir='ltr'>montis.</span> 
     </span>
    </p>
   </div>
   <div class='ocr_carea' id='block_1_12' title="bbox 1111 1981 1942 3217">
    <p class='ocr_par' dir='ltr' id='par_1_13' title="bbox 1111 1981 1842 2419">
     <span class='ocr_line' id='line_1_47' title="bbox 1111 1981 1842 2065; baseline -0.025 -15"><span class='ocrx_word' id='word_1_272' title='bbox 1111 1995 1198 2050; x_wconf 84' lang='lat' dir='ltr'>Vecta</span> <span class='ocrx_word' id='word_1_273' title='bbox 1211 1991 1285 2065; x_wconf 91' lang='lat' dir='ltr'>bigis</span> <span class='ocrx_word' id='word_1_274' title='bbox 1300 1991 1395 2046; x_wconf 89' lang='lat' dir='ltr'>Phebe</span> <span class='ocrx_word' id='word_1_275' title='bbox 1409 1988 1446 2044; x_wconf 92' lang='lat' dir='ltr'>ad</span> <span class='ocrx_word' id='word_1_276' title='bbox 1461 1985 1590 2042; x_wconf 89' lang='lat' dir='ltr'>medinm</span> <span class='ocrx_word' id='word_1_277' title='bbox 1607 1981 1751 2039; x_wconf 86' lang='lat' dir='ltr'>devenerit</span> <span class='ocrx_word' id='word_1_278' title='bbox 1761 1993 1842 2044; x_wconf 81' lang='lat' dir='ltr'>mem,</span> 
     </span>
     <span class='ocr_line' id='line_1_48' title="bbox 1111 2069 1754 2154; baseline -0.025 -14"><span class='ocrx_word' id='word_1_279' title='bbox 1111 2085 1152 2140; x_wconf 86' lang='lat' dir='ltr'>Tu</span> <span class='ocrx_word' id='word_1_280' title='bbox 1163 2081 1230 2154; x_wconf 90' lang='lat' dir='ltr'>vigil</span> <span class='ocrx_word' id='word_1_281' title='bbox 1243 2078 1363 2136; x_wconf 88' lang='lat' dir='ltr'>intentis</span> <span class='ocrx_word' id='word_1_282' title='bbox 1377 2075 1466 2134; x_wconf 90' lang='lat' dir='ltr'>oculis</span> <span class='ocrx_word' id='word_1_283' title='bbox 1488 2091 1540 2148; x_wconf 91' lang='lat' dir='ltr'>per</span> <span class='ocrx_word' id='word_1_284' title='bbox 1555 2073 1638 2130; x_wconf 88' lang='lat' dir='ltr'>devia</span> <span class='ocrx_word' id='word_1_285' title='bbox 1651 2069 1754 2128; x_wconf 89' lang='lat' dir='ltr'>montis</span> 
     </span>
     <span class='ocr_line' id='line_1_49' title="bbox 1111 2154 1831 2242; baseline -0.029 -13"><span class='ocrx_word' id='word_1_286' title='bbox 1111 2169 1255 2242; x_wconf 91' lang='lat' dir='ltr'>Prospice‚</span> <span class='ocrx_word' id='word_1_287' title='bbox 1271 2183 1329 2241; x_wconf 88' lang='lat' dir='ltr'>qna</span> <span class='ocrx_word' id='word_1_288' title='bbox 1342 2181 1456 2222; x_wconf 87' lang='lat' dir='ltr'>versum</span> <span class='ocrx_word' id='word_1_289' title='bbox 1470 2164 1567 2236; x_wconf 81' lang='lat' dir='ltr'>fulgor</span> <span class='ocrx_word' id='word_1_290' title='bbox 1586 2162 1689 2218; x_wconf 88' lang='lat' dir='ltr'>missus</span> <span class='ocrx_word' id='word_1_291' title='bbox 1702 2154 1831 2214; x_wconf 90' lang='lat' dir='ltr'>radiantis</span> 
     </span>
     <span class='ocr_line' id='line_1_50' title="bbox 1112 2247 1837 2324; baseline -0.021 -9"><span class='ocrx_word' id='word_1_292' title='bbox 1112 2257 1252 2323; x_wconf 84' lang='lat' dir='ltr'>Luminis,</span> <span class='ocrx_word' id='word_1_293' title='bbox 1266 2257 1425 2312; x_wconf 86' lang='lat' dir='ltr'>immensas</span> <span class='ocrx_word' id='word_1_294' title='bbox 1437 2255 1531 2310; x_wconf 87' lang='lat' dir='ltr'>vincat</span> <span class='ocrx_word' id='word_1_295' title='bbox 1543 2251 1698 2324; x_wconf 90' lang='lat' dir='ltr'>splendore</span> <span class='ocrx_word' id='word_1_296' title='bbox 1706 2247 1837 2320; x_wconf 78' lang='lat' dir='ltr'>tenebras.</span> 
     </span>
     <span class='ocr_line' id='line_1_51' title="bbox 1112 2341 1736 2419; baseline -0.021 -15"><span class='ocrx_word' id='word_1_297' title='bbox 1112 2349 1170 2405; x_wconf 93' lang='lat' dir='ltr'>lllic</span> <span class='ocrx_word' id='word_1_298' title='bbox 1184 2346 1315 2405; x_wconf 90' lang='lat' dir='ltr'>invenies</span> <span class='ocrx_word' id='word_1_299' title='bbox 1327 2346 1405 2419; x_wconf 89' lang='lat' dir='ltr'>quod</span> <span class='ocrx_word' id='word_1_300' title='bbox 1420 2346 1501 2400; x_wconf 90' lang='lat' dir='ltr'>tanto</span> <span class='ocrx_word' id='word_1_301' title='bbox 1516 2341 1612 2415; x_wconf 87' lang='lat' dir='ltr'>gliscis</span> <span class='ocrx_word' id='word_1_302' title='bbox 1629 2354 1736 2396; x_wconf 91' lang='lat' dir='ltr'>amore.</span> 
     </span>
    </p>

    <p class='ocr_par' dir='ltr' id='par_1_14' title="bbox 1111 2424 1942 3217">
     <span class='ocr_line' id='line_1_52' title="bbox 1115 2424 1777 2503; baseline -0.024 -9"><span class='ocrx_word' id='word_1_303' title='bbox 1115 2429 1213 2494; x_wconf 88' lang='lat' dir='ltr'>Paruit</span> <span class='ocrx_word' id='word_1_304' title='bbox 1225 2437 1273 2492; x_wconf 91' lang='lat' dir='ltr'>ille</span> <span class='ocrx_word' id='word_1_305' title='bbox 1288 2434 1364 2492; x_wconf 88' lang='lat' dir='ltr'>senis</span> <span class='ocrx_word' id='word_1_306' title='bbox 1375 2432 1504 2500; x_wconf 89' lang='lat' dir='ltr'>monitis,</span> <span class='ocrx_word' id='word_1_307' title='bbox 1516 2431 1670 2503; x_wconf 89' lang='lat' dir='ltr'>primaque</span> <span class='ocrx_word' id='word_1_308' title='bbox 1684 2424 1777 2499; x_wconf 91' lang='lat' dir='ltr'>quiete</span> 
     </span>
     <span class='ocr_line' id='line_1_53' title="bbox 1111 2510 1861 2596; baseline -0.027 -15"><span class='ocrx_word' id='word_1_309' title='bbox 1111 2527 1266 2582; x_wconf 86' lang='lat' dir='ltr'>Transacta</span> <span class='ocrx_word' id='word_1_310' title='bbox 1278 2539 1408 2596; x_wconf 86' lang='lat' dir='ltr'>surgens,</span> <span class='ocrx_word' id='word_1_311' title='bbox 1424 2535 1562 2594; x_wconf 90' lang='lat' dir='ltr'>quorsum</span> <span class='ocrx_word' id='word_1_312' title='bbox 1576 2520 1626 2574; x_wconf 89' lang='lat' dir='ltr'>lux</span> <span class='ocrx_word' id='word_1_313' title='bbox 1640 2514 1784 2589; x_wconf 88' lang='lat' dir='ltr'>splendeat</span> <span class='ocrx_word' id='word_1_314' title='bbox 1796 2510 1861 2564; x_wconf 88' lang='lat' dir='ltr'>alma</span> 
     </span>
     <span class='ocr_line' id='line_1_54' title="bbox 1114 2604 1793 2687; baseline -0.025 -16"><span class='ocrx_word' id='word_1_315' title='bbox 1114 2615 1260 2687; x_wconf 87' lang='lat' dir='ltr'>Explorat,</span> <span class='ocrx_word' id='word_1_316' title='bbox 1273 2612 1424 2683; x_wconf 87' lang='lat' dir='ltr'>cernitque</span> <span class='ocrx_word' id='word_1_317' title='bbox 1437 2611 1534 2665; x_wconf 88' lang='lat' dir='ltr'>locum</span> <span class='ocrx_word' id='word_1_318' title='bbox 1547 2608 1625 2664; x_wconf 87' lang='lat' dir='ltr'>clare</span> <span class='ocrx_word' id='word_1_319' title='bbox 1635 2604 1793 2662; x_wconf 89' lang='lat' dir='ltr'>radiantem</span> 
     </span>
     <span class='ocr_line' id='line_1_55' title="bbox 1114 2689 1942 2776; baseline -0.024 -18"><span class='ocrx_word' id='word_1_320' title='bbox 1114 2705 1187 2759; x_wconf 86' lang='lat' dir='ltr'>Luce</span> <span class='ocrx_word' id='word_1_321' title='bbox 1203 2719 1286 2766; x_wconf 88' lang='lat' dir='ltr'>nova,</span> <span class='ocrx_word' id='word_1_322' title='bbox 1296 2701 1368 2773; x_wconf 87' lang='lat' dir='ltr'>lapis</span> <span class='ocrx_word' id='word_1_323' title='bbox 1378 2701 1455 2756; x_wconf 90' lang='lat' dir='ltr'>hunc</span> <span class='ocrx_word' id='word_1_324' title='bbox 1480 2697 1610 2770; x_wconf 90' lang='lat' dir='ltr'>signatus</span> <span class='ocrx_word' id='word_1_325' title='bbox 1625 2692 1745 2751; x_wconf 89' lang='lat' dir='ltr'>nomina</span> <span class='ocrx_word' id='word_1_326' title='bbox 1756 2689 1862 2744; x_wconf 79' lang='lat' dir='ltr'>fratrum</span> <span class='ocrx_word' id='word_1_327' title='bbox 1941 2699 1942 2776; x_wconf 66' lang='lat' dir='ltr'>p</span> 
     </span>
     <span class='ocr_line' id='line_1_56' title="bbox 1112 2775 1942 2861; baseline -0.024 -14"><span class='ocrx_word' id='word_1_328' title='bbox 1112 2793 1233 2847; x_wconf 86' lang='lat' dir='ltr'>Texerat</span> <span class='ocrx_word' id='word_1_329' title='bbox 1248 2790 1380 2857; x_wconf 89' lang='lat' dir='ltr'>exterius,</span> <span class='ocrx_word' id='word_1_330' title='bbox 1394 2803 1480 2861; x_wconf 90' lang='lat' dir='ltr'>quem</span> <span class='ocrx_word' id='word_1_331' title='bbox 1492 2785 1600 2842; x_wconf 89' lang='lat' dir='ltr'>sensim</span> <span class='ocrx_word' id='word_1_332' title='bbox 1611 2784 1656 2839; x_wconf 92' lang='lat' dir='ltr'>vir</span> <span class='ocrx_word' id='word_1_333' title='bbox 1670 2775 1835 2836; x_wconf 88' lang='lat' dir='ltr'>venerandus</span> <span class='ocrx_word' id='word_1_334' title='bbox 1941 2787 1942 2850; x_wconf 48' lang='lat' dir='ltr'>q</span> 
     </span>
     <span class='ocr_line' id='line_1_57' title="bbox 1114 2870 1942 2952; baseline -0.022 -16"><span class='ocrx_word' id='word_1_335' title='bbox 1114 2879 1231 2952; x_wconf 89' lang='lat' dir='ltr'>impulit</span> <span class='ocrx_word' id='word_1_336' title='bbox 1245 2879 1276 2934; x_wconf 90' lang='lat' dir='ltr'>in</span> <span class='ocrx_word' id='word_1_337' title='bbox 1291 2881 1415 2951; x_wconf 89' lang='lat' dir='ltr'>partem.</span> <span class='ocrx_word' id='word_1_338' title='bbox 1431 2875 1531 2932; x_wconf 87' lang='lat' dir='ltr'>Subito</span> <span class='ocrx_word' id='word_1_339' title='bbox 1547 2875 1669 2948; x_wconf 89' lang='lat' dir='ltr'>patuere</span> <span class='ocrx_word' id='word_1_340' title='bbox 1684 2870 1793 2942; x_wconf 87' lang='lat' dir='ltr'>reperta</span> <span class='ocrx_word' id='word_1_341' title='bbox 1941 2875 1942 2880; x_wconf 74' lang='grc'>’</span> 
     </span>
     <span class='ocr_line' id='line_1_58' title="bbox 1116 2956 1787 3031; baseline -0.022 -6"><span class='ocrx_word' id='word_1_342' title='bbox 1116 2969 1184 3025; x_wconf 87' lang='lat' dir='ltr'>Ossa</span> <span class='ocrx_word' id='word_1_343' title='bbox 1194 2969 1281 3024; x_wconf 86' lang='lat' dir='ltr'>beata</span> <span class='ocrx_word' id='word_1_344' title='bbox 1292 2967 1386 3023; x_wconf 85' lang='lat' dir='ltr'>Patris</span> <span class='ocrx_word' id='word_1_345' title='bbox 1398 2963 1554 3031; x_wconf 87' lang='lat' dir='ltr'>Benedicti,</span> <span class='ocrx_word' id='word_1_346' title='bbox 1575 2978 1669 3018; x_wconf 89' lang='lat' dir='ltr'>necne</span> <span class='ocrx_word' id='word_1_347' title='bbox 1686 2956 1787 3015; x_wconf 90' lang='lat' dir='ltr'>sororis</span> 
     </span>
     <span class='ocr_line' id='line_1_59' title="bbox 1115 3046 1790 3130; baseline -0.021 -17"><span class='ocrx_word' id='word_1_348' title='bbox 1115 3057 1202 3113; x_wconf 90' lang='lat' dir='ltr'>losius</span> <span class='ocrx_word' id='word_1_349' title='bbox 1217 3057 1351 3130; x_wconf 79' lang='lat' dir='ltr'>egregiae,</span> <span class='ocrx_word' id='word_1_350' title='bbox 1366 3071 1430 3128; x_wconf 79' lang='lat' dir='ltr'>quas</span> <span class='ocrx_word' id='word_1_351' title='bbox 1445 3070 1514 3109; x_wconf 85' lang='lat' dir='ltr'>mox</span> <span class='ocrx_word' id='word_1_352' title='bbox 1527 3053 1602 3109; x_wconf 88' lang='lat' dir='ltr'>latro</span> <span class='ocrx_word' id='word_1_353' title='bbox 1614 3046 1790 3106; x_wconf 88' lang='lat' dir='ltr'>venerandus</span> 
     </span>
     <span class='ocr_line' id='line_1_60' title="bbox 1114 3133 1766 3217; baseline -0.023 -15"><span class='ocrx_word' id='word_1_354' title='bbox 1114 3146 1231 3202; x_wconf 86' lang='lat' dir='ltr'>lnclnsit</span> <span class='ocrx_word' id='word_1_355' title='bbox 1242 3148 1358 3217; x_wconf 86' lang='lat' dir='ltr'>eportae,</span> <span class='ocrx_word' id='word_1_356' title='bbox 1369 3145 1531 3215; x_wconf 85' lang='lat' dir='ltr'>palmarum</span> <span class='ocrx_word' id='word_1_357' title='bbox 1546 3139 1652 3196; x_wconf 82' lang='lat' dir='ltr'>froude</span> <span class='ocrx_word' id='word_1_358' title='bbox 1665 3133 1766 3194; x_wconf 90' lang='lat' dir='ltr'>virenti</span> 
     </span>
    </p>
   </div>
   <div class='ocr_carea' id='block_1_13' title="bbox 258 3219 1821 3307">
    <p class='ocr_par' dir='ltr' id='par_1_15' title="bbox 258 3219 1821 3307">
     <span class='ocr_line' id='line_1_61' title="bbox 258 3219 1821 3307; baseline -0.009 -20"><span class='ocrx_word' id='word_1_359' title='bbox 258 3232 331 3288; x_wconf 84' lang='lat' dir='ltr'>Nam</span> <span class='ocrx_word' id='word_1_360' title='bbox 343 3231 469 3290; x_wconf 82' lang='lat' dir='ltr'>lemnius</span> <span class='ocrx_word' id='word_1_361' title='bbox 477 3232 1062 3292; x_wconf 76' lang='lat' dir='ltr'>nominisomnodumnvambradedisset</span> <span class='ocrx_word' id='word_1_362' title='bbox 1114 3237 1270 3302; x_wconf 85' lang='lat' dir='ltr'>Contertee,</span> <span class='ocrx_word' id='word_1_363' title='bbox 1284 3235 1443 3307; x_wconf 75' lang='lat' dir='ltr'>patriaque</span> <span class='ocrx_word' id='word_1_364' title='bbox 1457 3232 1550 3287; x_wconf 89' lang='lat' dir='ltr'>solum</span> <span class='ocrx_word' id='word_1_365' title='bbox 1563 3227 1723 3284; x_wconf 82' lang='lat' dir='ltr'>meditetur</span> <span class='ocrx_word' id='word_1_366' title='bbox 1738 3219 1821 3278; x_wconf 90' lang='lat' dir='ltr'>adire.</span> 
     </span>
    </p>
   </div>
   <div class='ocr_carea' id='block_1_14' title="bbox 256 3320 980 3390">
    <p class='ocr_par' dir='ltr' id='par_1_16' title="bbox 256 3320 980 3390">
     <span class='ocr_line' id='line_1_62' title="bbox 256 3320 980 3390; baseline 0.001 -13"><span class='ocrx_word' id='word_1_367' title='bbox 256 3320 443 3390; x_wconf 82' lang='lat' dir='ltr'>llnmmolus,</span> <span class='ocrx_word' id='word_1_368' title='bbox 459 3324 606 3378; x_wconf 83' lang='lat' dir='ltr'>ostensum</span> <span class='ocrx_word' id='word_1_369' title='bbox 619 3321 690 3378; x_wconf 86' lang='lat' dir='ltr'>dixit</span> <span class='ocrx_word' id='word_1_370' title='bbox 703 3321 757 3378; x_wconf 88' lang='lat' dir='ltr'>sibi</span> <span class='ocrx_word' id='word_1_371' title='bbox 771 3321 881 3378; x_wconf 84' lang='lat' dir='ltr'>cmlitus</span> <span class='ocrx_word' id='word_1_372' title='bbox 895 3322 980 3378; x_wconf 90' lang='lat' dir='ltr'>istud.</span> 
     </span>
    </p>
   </div>
   <div class='ocr_carea' id='block_1_15' title="bbox 1115 3312 1796 3394">
    <p class='ocr_par' dir='ltr' id='par_1_17' title="bbox 1115 3312 1796 3394">
     <span class='ocr_line' id='line_1_63' title="bbox 1115 3312 1796 3394; baseline -0.021 -15"><span class='ocrx_word' id='word_1_373' title='bbox 1115 3323 1274 3380; x_wconf 79' lang='lat' dir='ltr'>Confestim</span> <span class='ocrx_word' id='word_1_374' title='bbox 1286 3322 1377 3378; x_wconf 90' lang='lat' dir='ltr'>socios</span> <span class='ocrx_word' id='word_1_375' title='bbox 1393 3323 1493 3377; x_wconf 78' lang='lat' dir='ltr'>Romae</span> <span class='ocrx_word' id='word_1_376' title='bbox 1507 3335 1579 3394; x_wconf 89' lang='lat' dir='ltr'>quos</span> <span class='ocrx_word' id='word_1_377' title='bbox 1595 3317 1722 3391; x_wconf 86' lang='lat' dir='ltr'>liquerat</span> <span class='ocrx_word' id='word_1_378' title='bbox 1739 3312 1796 3382; x_wconf 88' lang='lat' dir='ltr'>ipse</span> 
     </span>
    </p>
   </div>
   <div class='ocr_carea' id='block_1_16' title="bbox 258 3407 1790 3486">
    <p class='ocr_par' dir='ltr' id='par_1_18' title="bbox 258 3407 1790 3486">
     <span class='ocr_line' id='line_1_64' title="bbox 258 3407 1790 3486; baseline -0.006 -22"><span class='ocrx_word' id='word_1_379' title='bbox 258 3409 341 3464; x_wconf 86' lang='lat' dir='ltr'>Tunc</span> <span class='ocrx_word' id='word_1_380' title='bbox 362 3424 478 3481; x_wconf 87' lang='lat' dir='ltr'>quoquc</span> <span class='ocrx_word' id='word_1_381' title='bbox 498 3409 642 3483; x_wconf 86' lang='lat' dir='ltr'>progressi</span> <span class='ocrx_word' id='word_1_382' title='bbox 662 3409 780 3484; x_wconf 88' lang='lat' dir='ltr'>quidem</span> <span class='ocrx_word' id='word_1_383' title='bbox 806 3409 1002 3468; x_wconf 89' lang='lat' dir='ltr'>Cenomannis</span> <span class='ocrx_word' id='word_1_384' title='bbox 1027 3410 1064 3467; x_wconf 91' lang='lat' dir='ltr'>ab</span> <span class='ocrx_word' id='word_1_385' title='bbox 1113 3412 1221 3486; x_wconf 82' lang='lat' dir='ltr'>Aspicit</span> <span class='ocrx_word' id='word_1_386' title='bbox 1236 3411 1390 3468; x_wconf 88' lang='lat' dir='ltr'>adventare</span> <span class='ocrx_word' id='word_1_387' title='bbox 1404 3409 1458 3478; x_wconf 90' lang='lat' dir='ltr'>via,</span> <span class='ocrx_word' id='word_1_388' title='bbox 1472 3410 1664 3479; x_wconf 89' lang='lat' dir='ltr'>montemque</span> <span class='ocrx_word' id='word_1_389' title='bbox 1683 3407 1790 3459; x_wconf 89' lang='lat' dir='ltr'>tenere.</span> 
     </span>
    </p>
   </div>
   <div class='ocr_carea' id='block_1_17' title="bbox 946 3499 1029 3572">
    <p class='ocr_par' dir='ltr' id='par_1_19' title="bbox 946 3499 1029 3572">
     <span class='ocr_line' id='line_1_65' title="bbox 946 3499 1029 3572; baseline 0.024 -18"><span class='ocrx_word' id='word_1_390' title='bbox 946 3499 1029 3572; x_wconf 86' lang='lat' dir='ltr'>[urbo</span> 
     </span>
    </p>
   </div>
   <div class='ocr_carea' id='block_1_18' title="bbox 177 3583 880 3659">
    <p class='ocr_par' dir='ltr' id='par_1_20' title="bbox 177 3583 880 3659">
     <span class='ocr_line' id='line_1_66' title="bbox 177 3583 880 3659; baseline -0.001 -18"><span class='ocrx_word' id='word_1_391' title='bbox 177 3609 184 3620; x_wconf 68' lang='lat'><strong><em>¹</em></strong></span> <span class='ocrx_word' id='word_1_392' title='bbox 258 3584 411 3642; x_wconf 86' lang='lat' dir='ltr'>Advenere</span> <span class='ocrx_word' id='word_1_393' title='bbox 424 3583 488 3655; x_wconf 89' lang='lat' dir='ltr'>viri,</span> <span class='ocrx_word' id='word_1_394' title='bbox 503 3584 604 3642; x_wconf 89' lang='lat' dir='ltr'>similis</span> <span class='ocrx_word' id='word_1_395' title='bbox 616 3602 687 3659; x_wconf 91' lang='lat' dir='ltr'>quos</span> <span class='ocrx_word' id='word_1_396' title='bbox 702 3585 770 3642; x_wconf 90' lang='lat' dir='ltr'>visio</span> <span class='ocrx_word' id='word_1_397' title='bbox 785 3585 880 3644; x_wconf 90' lang='lat' dir='ltr'>somni</span> 
     </span>
    </p>
   </div>
   <div class='ocr_carea' id='block_1_19' title="bbox 1113 3485 1825 3664">
    <p class='ocr_par' dir='ltr' id='par_1_21' title="bbox 1113 3485 1825 3664">
     <span class='ocr_line' id='line_1_67' title="bbox 1115 3485 1825 3568; baseline -0.023 -11"><span class='ocrx_word' id='word_1_398' title='bbox 1115 3500 1264 3557; x_wconf 87' lang='lat' dir='ltr'>Proximos</span> <span class='ocrx_word' id='word_1_399' title='bbox 1272 3499 1316 3554; x_wconf 91' lang='lat' dir='ltr'>his</span> <span class='ocrx_word' id='word_1_400' title='bbox 1328 3499 1429 3566; x_wconf 86' lang='lat' dir='ltr'>lactus,</span> <span class='ocrx_word' id='word_1_401' title='bbox 1440 3512 1557 3555; x_wconf 83' lang='lat' dir='ltr'>cansam</span> <span class='ocrx_word' id='word_1_402' title='bbox 1567 3493 1674 3568; x_wconf 74' lang='lat' dir='ltr'>quaerit</span> <span class='ocrx_word' id='word_1_403' title='bbox 1690 3485 1825 3548; x_wconf 86' lang='lat' dir='ltr'>veniendi.</span> 
     </span>
     <span class='ocr_line' id='line_1_68' title="bbox 1113 3582 1796 3664; baseline -0.016 -19"><span class='ocrx_word' id='word_1_404' title='bbox 1113 3591 1185 3645; x_wconf 86' lang='lat' dir='ltr'>Tum</span> <span class='ocrx_word' id='word_1_405' title='bbox 1198 3590 1327 3664; x_wconf 91' lang='lat' dir='ltr'>primum</span> <span class='ocrx_word' id='word_1_406' title='bbox 1337 3593 1447 3644; x_wconf 89' lang='lat' dir='ltr'>secreta</span> <span class='ocrx_word' id='word_1_407' title='bbox 1461 3586 1504 3643; x_wconf 90' lang='lat' dir='ltr'>sui</span> <span class='ocrx_word' id='word_1_408' title='bbox 1515 3586 1609 3642; x_wconf 90' lang='lat' dir='ltr'>cordis</span> <span class='ocrx_word' id='word_1_409' title='bbox 1629 3582 1796 3641; x_wconf 90' lang='lat' dir='ltr'>reserarunt</span> 
     </span>
    </p>
   </div>
   <div class='ocr_carea' id='block_1_20' title="bbox 256 3669 1795 3752">
    <p class='ocr_par' dir='ltr' id='par_1_22' title="bbox 256 3669 1795 3752">
     <span class='ocr_line' id='line_1_69' title="bbox 256 3669 1795 3752; baseline -0.003 -24"><span class='ocrx_word' id='word_1_410' title='bbox 256 3672 429 3743; x_wconf 75' lang='lat' dir='ltr'>Admonuit,</span> <span class='ocrx_word' id='word_1_411' title='bbox 443 3674 533 3746; x_wconf 89' lang='lat' dir='ltr'>louge</span> <span class='ocrx_word' id='word_1_412' title='bbox 546 3676 579 3730; x_wconf 90' lang='lat' dir='ltr'>ut</span> <span class='ocrx_word' id='word_1_413' title='bbox 590 3677 723 3748; x_wconf 76' lang='lat' dir='ltr'>quaeram</span> <span class='ocrx_word' id='word_1_414' title='bbox 749 3674 869 3748; x_wconf 86' lang='lat' dir='ltr'>regione</span> <span class='ocrx_word' id='word_1_415' title='bbox 891 3675 1064 3749; x_wconf 89' lang='lat' dir='ltr'>sepulcrum,</span> <span class='ocrx_word' id='word_1_416' title='bbox 1115 3679 1228 3752; x_wconf 87' lang='lat' dir='ltr'>Aigullo</span> <span class='ocrx_word' id='word_1_417' title='bbox 1245 3675 1350 3734; x_wconf 85' lang='lat' dir='ltr'>Christi</span> <span class='ocrx_word' id='word_1_418' title='bbox 1361 3678 1482 3744; x_wconf 88' lang='lat' dir='ltr'>lamule,</span> <span class='ocrx_word' id='word_1_419' title='bbox 1498 3675 1547 3748; x_wconf 92' lang='lat' dir='ltr'>qui</span> <span class='ocrx_word' id='word_1_420' title='bbox 1562 3677 1669 3730; x_wconf 87' lang='lat' dir='ltr'>cuncta</span> <span class='ocrx_word' id='word_1_421' title='bbox 1682 3669 1795 3746; x_wconf 89' lang='lat' dir='ltr'>peracta</span> 
     </span>
    </p>
   </div>
   <div class='ocr_carea' id='block_1_21' title="bbox 258 3761 994 4103">
    <p class='ocr_par' dir='ltr' id='par_1_23' title="bbox 262 3761 926 3838">
     <span class='ocr_line' id='line_1_70' title="bbox 262 3761 926 3838; baseline 0.002 -18"><span class='ocrx_word' id='word_1_422' title='bbox 262 3762 325 3828; x_wconf 85' lang='lat' dir='ltr'>Quo</span> <span class='ocrx_word' id='word_1_423' title='bbox 340 3761 426 3821; x_wconf 79' lang='lat' dir='ltr'>tratri</span> <span class='ocrx_word' id='word_1_424' title='bbox 440 3763 595 3835; x_wconf 85' lang='lat' dir='ltr'>conjuncta</span> <span class='ocrx_word' id='word_1_425' title='bbox 604 3763 652 3838; x_wconf 94' lang='lat' dir='ltr'>pio</span> <span class='ocrx_word' id='word_1_426' title='bbox 666 3763 926 3822; x_wconf 84' lang='lat' dir='ltr'>scolasticasancta</span> 
     </span>
    </p>

    <p class='ocr_par' dir='ltr' id='par_1_24' title="bbox 263 3850 994 4014">
     <span class='ocr_line' id='line_1_71' title="bbox 263 3850 994 3926; baseline 0.001 -18"><span class='ocrx_word' id='word_1_427' title='bbox 263 3850 306 3908; x_wconf 90' lang='lat' dir='ltr'>Sit</span> <span class='ocrx_word' id='word_1_428' title='bbox 320 3853 472 3921; x_wconf 86' lang='lat' dir='ltr'>tumulata,</span> <span class='ocrx_word' id='word_1_429' title='bbox 488 3869 595 3926; x_wconf 89' lang='lat' dir='ltr'>suaque</span> <span class='ocrx_word' id='word_1_430' title='bbox 610 3853 707 3910; x_wconf 87' lang='lat' dir='ltr'>lerant</span> <span class='ocrx_word' id='word_1_431' title='bbox 721 3855 852 3909; x_wconf 86' lang='lat' dir='ltr'>tutamen</span> <span class='ocrx_word' id='word_1_432' title='bbox 867 3853 897 3910; x_wconf 91' lang='lat' dir='ltr'>in</span> <span class='ocrx_word' id='word_1_433' title='bbox 913 3853 994 3911; x_wconf 88' lang='lat' dir='ltr'>urhe.</span> 
     </span>
     <span class='ocr_line' id='line_1_72' title="bbox 297 3939 942 4014; baseline 0.003 -20"><span class='ocrx_word' id='word_1_434' title='bbox 297 3939 373 4013; x_wconf 86' lang='lat' dir='ltr'>Ergo</span> <span class='ocrx_word' id='word_1_435' title='bbox 387 3941 496 3997; x_wconf 86' lang='lat' dir='ltr'>alacres</span> <span class='ocrx_word' id='word_1_436' title='bbox 509 3941 583 4014; x_wconf 86' lang='lat' dir='ltr'>parli</span> <span class='ocrx_word' id='word_1_437' title='bbox 592 3942 756 4014; x_wconf 88' lang='lat' dir='ltr'>junguntur</span> <span class='ocrx_word' id='word_1_438' title='bbox 771 3941 842 3997; x_wconf 88' lang='lat' dir='ltr'>calte</span> <span class='ocrx_word' id='word_1_439' title='bbox 856 3941 942 3997; x_wconf 91' lang='lat' dir='ltr'>beato</span> 
     </span>
    </p>

    <p class='ocr_par' dir='ltr' id='par_1_25' title="bbox 258 4028 910 4103">
     <span class='ocr_line' id='line_1_73' title="bbox 258 4028 910 4103; baseline -0.003 -17"><span class='ocrx_word' id='word_1_440' title='bbox 258 4028 386 4102; x_wconf 77' lang='lat' dir='ltr'>aiguno,</span> <span class='ocrx_word' id='word_1_441' title='bbox 402 4029 494 4086; x_wconf 85' lang='lat' dir='ltr'>dorvea</span> <span class='ocrx_word' id='word_1_442' title='bbox 506 4029 678 4086; x_wconf 85' lang='lat' dir='ltr'>transcensis</span> <span class='ocrx_word' id='word_1_443' title='bbox 691 4028 809 4103; x_wconf 89' lang='lat' dir='ltr'>Alpibus</span> <span class='ocrx_word' id='word_1_444' title='bbox 821 4045 910 4102; x_wconf 89' lang='lat' dir='ltr'>usque</span> 
     </span>
    </p>
   </div>
   <div class='ocr_carea' id='block_1_22' title="bbox 1114 3762 1815 4107">
    <p class='ocr_par' dir='ltr' id='par_1_26' title="bbox 1114 3762 1815 4107">
     <span class='ocr_line' id='line_1_74' title="bbox 1114 3762 1801 3840; baseline -0.017 -17"><span class='ocrx_word' id='word_1_445' title='bbox 1114 3768 1179 3823; x_wconf 85' lang='lat' dir='ltr'>Jam</span> <span class='ocrx_word' id='word_1_446' title='bbox 1188 3766 1251 3824; x_wconf 87' lang='lat' dir='ltr'>lore</span> <span class='ocrx_word' id='word_1_447' title='bbox 1264 3766 1406 3840; x_wconf 75' lang='lat' dir='ltr'>praedixit,</span> <span class='ocrx_word' id='word_1_448' title='bbox 1422 3763 1565 3836; x_wconf 89' lang='lat' dir='ltr'>celerique</span> <span class='ocrx_word' id='word_1_449' title='bbox 1579 3762 1652 3835; x_wconf 88' lang='lat' dir='ltr'>luga</span> <span class='ocrx_word' id='word_1_450' title='bbox 1670 3773 1801 3834; x_wconf 90' lang='lat' dir='ltr'>propere.</span> 
     </span>
     <span class='ocr_line' id='line_1_75' title="bbox 1115 3847 1815 3928; baseline -0.02 -17"><span class='ocrx_word' id='word_1_451' title='bbox 1115 3856 1275 3914; x_wconf 80' lang='lat' dir='ltr'>Admonuit</span> <span class='ocrx_word' id='word_1_452' title='bbox 1288 3857 1401 3922; x_wconf 89' lang='lat' dir='ltr'>callem,</span> <span class='ocrx_word' id='word_1_453' title='bbox 1415 3871 1472 3928; x_wconf 91' lang='lat' dir='ltr'>quo</span> <span class='ocrx_word' id='word_1_454' title='bbox 1483 3852 1667 3909; x_wconf 80' lang='lat' dir='ltr'>Gallicarum</span> <span class='ocrx_word' id='word_1_455' title='bbox 1681 3847 1815 3921; x_wconf 90' lang='lat' dir='ltr'>petuntur</span> 
     </span>
     <span class='ocr_line' id='line_1_76' title="bbox 1117 3935 1809 4016; baseline -0.017 -16"><span class='ocrx_word' id='word_1_456' title='bbox 1117 3945 1197 4001; x_wconf 90' lang='lat' dir='ltr'>lieud</span> <span class='ocrx_word' id='word_1_457' title='bbox 1207 3961 1287 4000; x_wconf 89' lang='lat' dir='ltr'>secus</span> <span class='ocrx_word' id='word_1_458' title='bbox 1297 3961 1329 4000; x_wconf 89' lang='lat' dir='ltr'>ac</span> <span class='ocrx_word' id='word_1_459' title='bbox 1338 3943 1409 4016; x_wconf 91' lang='lat' dir='ltr'>jussi</span> <span class='ocrx_word' id='word_1_460' title='bbox 1422 3941 1542 4008; x_wconf 82' lang='lat' dir='ltr'>iaciunt,</span> <span class='ocrx_word' id='word_1_461' title='bbox 1556 3955 1716 4012; x_wconf 89' lang='lat' dir='ltr'>gressuque</span> <span class='ocrx_word' id='word_1_462' title='bbox 1726 3935 1809 3992; x_wconf 90' lang='lat' dir='ltr'>citato</span> 
     </span>
     <span class='ocr_line' id='line_1_77' title="bbox 1116 4024 1798 4107; baseline -0.019 -17"><span class='ocrx_word' id='word_1_463' title='bbox 1116 4033 1266 4107; x_wconf 69' lang='lat' dir='ltr'>Digressu,</span> <span class='ocrx_word' id='word_1_464' title='bbox 1282 4032 1363 4088; x_wconf 90' lang='lat' dir='ltr'>avide</span> <span class='ocrx_word' id='word_1_465' title='bbox 1378 4032 1448 4088; x_wconf 90' lang='lat' dir='ltr'>dum</span> <span class='ocrx_word' id='word_1_466' title='bbox 1463 4029 1603 4103; x_wconf 88' lang='lat' dir='ltr'>linquitur</span> <span class='ocrx_word' id='word_1_467' title='bbox 1618 4029 1692 4084; x_wconf 87' lang='lat' dir='ltr'>ltala</span> <span class='ocrx_word' id='word_1_468' title='bbox 1707 4024 1798 4090; x_wconf 91' lang='lat' dir='ltr'>lellus,</span> 
     </span>
    </p>
   </div>
   <div class='ocr_carea' id='block_1_23' title="bbox 261 4116 1809 4190">
    <p class='ocr_par' dir='ltr' id='par_1_27' title="bbox 261 4116 1809 4190">
     <span class='ocr_line' id='line_1_78' title="bbox 261 4116 1809 4190; baseline -0.004 -18"><span class='ocrx_word' id='word_1_469' title='bbox 261 4118 369 4174; x_wconf 89' lang='lat' dir='ltr'>Urbem</span> <span class='ocrx_word' id='word_1_470' title='bbox 394 4117 578 4186; x_wconf 84' lang='lat' dir='ltr'>Romuleam,</span> <span class='ocrx_word' id='word_1_471' title='bbox 600 4118 757 4190; x_wconf 88' lang='lat' dir='ltr'>sedemque</span> <span class='ocrx_word' id='word_1_472' title='bbox 780 4116 856 4172; x_wconf 89' lang='lat' dir='ltr'>Petri</span> <span class='ocrx_word' id='word_1_473' title='bbox 877 4117 1066 4174; x_wconf 84' lang='lat' dir='ltr'>reverendam</span> <span class='ocrx_word' id='word_1_474' title='bbox 1117 4123 1235 4179; x_wconf 86' lang='lat' dir='ltr'>Coelitns</span> <span class='ocrx_word' id='word_1_475' title='bbox 1251 4120 1469 4179; x_wconf 85' lang='lat' dir='ltr'>insonuitterris</span> <span class='ocrx_word' id='word_1_476' title='bbox 1489 4135 1540 4174; x_wconf 91' lang='lat' dir='ltr'>vox</span> <span class='ocrx_word' id='word_1_477' title='bbox 1554 4118 1643 4173; x_wconf 88' lang='lat' dir='ltr'>missa</span> <span class='ocrx_word' id='word_1_478' title='bbox 1656 4127 1809 4190; x_wconf 87' lang='lat' dir='ltr'>perauras,</span> 
     </span>
    </p>
   </div>
   <div class='ocr_carea' id='block_1_24' title="bbox 259 4205 1014 5255">
    <p class='ocr_par' dir='ltr' id='par_1_28' title="bbox 259 4205 1014 5255">
     <span class='ocr_line' id='line_1_79' title="bbox 259 4205 894 4264; baseline -0.003 -3"><span class='ocrx_word' id='word_1_479' title='bbox 259 4206 416 4264; x_wconf 84' lang='lat' dir='ltr'>Devenere.</span> <span class='ocrx_word' id='word_1_480' title='bbox 431 4205 511 4262; x_wconf 73' lang='lat' dir='ltr'>locis</span> <span class='ocrx_word' id='word_1_481' title='bbox 523 4206 614 4262; x_wconf 90' lang='lat' dir='ltr'>socies</span> <span class='ocrx_word' id='word_1_482' title='bbox 628 4206 674 4262; x_wconf 91' lang='lat' dir='ltr'>bic</span> <span class='ocrx_word' id='word_1_483' title='bbox 688 4207 764 4262; x_wconf 89' lang='lat' dir='ltr'>lorte</span> <span class='ocrx_word' id='word_1_484' title='bbox 776 4205 894 4262; x_wconf 89' lang='lat' dir='ltr'>sacratis</span> 
     </span>
     <span class='ocr_line' id='line_1_80' title="bbox 259 4293 942 4368; baseline 0.001 -20"><span class='ocrx_word' id='word_1_485' title='bbox 259 4294 388 4349; x_wconf 89' lang='lat' dir='ltr'>intentos</span> <span class='ocrx_word' id='word_1_486' title='bbox 405 4310 485 4349; x_wconf 88' lang='lat' dir='ltr'>sacer</span> <span class='ocrx_word' id='word_1_487' title='bbox 499 4294 629 4367; x_wconf 78' lang='lat' dir='ltr'>Aigulius</span> <span class='ocrx_word' id='word_1_488' title='bbox 643 4299 706 4350; x_wconf 89' lang='lat' dir='ltr'>turn</span> <span class='ocrx_word' id='word_1_489' title='bbox 722 4293 838 4362; x_wconf 90' lang='lat' dir='ltr'>deserit,</span> <span class='ocrx_word' id='word_1_490' title='bbox 856 4296 942 4368; x_wconf 89' lang='lat' dir='ltr'>atqua</span> 
     </span>
     <span class='ocr_line' id='line_1_81' title="bbox 262 4381 998 4456; baseline 0.004 -21"><span class='ocrx_word' id='word_1_491' title='bbox 262 4381 391 4455; x_wconf 89' lang='lat' dir='ltr'>impiger</span> <span class='ocrx_word' id='word_1_492' title='bbox 402 4383 580 4440; x_wconf 84' lang='lat' dir='ltr'>accelerabat</span> <span class='ocrx_word' id='word_1_493' title='bbox 590 4383 655 4451; x_wconf 91' lang='lat' dir='ltr'>iter,</span> <span class='ocrx_word' id='word_1_494' title='bbox 670 4383 747 4456; x_wconf 92' lang='lat' dir='ltr'>quod</span> <span class='ocrx_word' id='word_1_495' title='bbox 763 4381 841 4439; x_wconf 92' lang='lat' dir='ltr'>ducit</span> <span class='ocrx_word' id='word_1_496' title='bbox 852 4382 889 4438; x_wconf 92' lang='lat' dir='ltr'>ad</span> <span class='ocrx_word' id='word_1_497' title='bbox 901 4399 998 4438; x_wconf 88' lang='lat' dir='ltr'>arcem</span> 
     </span>
     <span class='ocr_line' id='line_1_82' title="bbox 263 4469 934 4543; baseline 0.001 -18"><span class='ocrx_word' id='word_1_498' title='bbox 263 4469 382 4538; x_wconf 82' lang='lat' dir='ltr'>Cossini,</span> <span class='ocrx_word' id='word_1_499' title='bbox 393 4486 457 4543; x_wconf 81' lang='lat' dir='ltr'>quae</span> <span class='ocrx_word' id='word_1_500' title='bbox 467 4473 536 4526; x_wconf 86' lang='lat' dir='ltr'>tunc</span> <span class='ocrx_word' id='word_1_501' title='bbox 546 4471 833 4542; x_wconf 84' lang='lat' dir='ltr'>eremocircumdata</span> <span class='ocrx_word' id='word_1_502' title='bbox 843 4473 934 4541; x_wconf 87' lang='lat' dir='ltr'>vasto,</span> 
     </span>
     <span class='ocr_line' id='line_1_83' title="bbox 263 4558 994 4633; baseline 0.004 -20"><span class='ocrx_word' id='word_1_503' title='bbox 263 4558 442 4631; x_wconf 84' lang='lat' dir='ltr'>Longbardis</span> <span class='ocrx_word' id='word_1_504' title='bbox 461 4559 530 4616; x_wconf 90' lang='lat' dir='ltr'>olim</span> <span class='ocrx_word' id='word_1_505' title='bbox 546 4561 751 4633; x_wconf 90' lang='lat' dir='ltr'>populantibus</span> <span class='ocrx_word' id='word_1_506' title='bbox 765 4560 864 4616; x_wconf 89' lang='lat' dir='ltr'>omnia</span> <span class='ocrx_word' id='word_1_507' title='bbox 876 4561 994 4629; x_wconf 91' lang='lat' dir='ltr'>circum,</span> 
     </span>
     <span class='ocr_line' id='line_1_84' title="bbox 263 4649 997 4706; baseline -0.001 -1"><span class='ocrx_word' id='word_1_508' title='bbox 263 4649 337 4705; x_wconf 90' lang='lat' dir='ltr'>Dum</span> <span class='ocrx_word' id='word_1_509' title='bbox 354 4664 407 4704; x_wconf 90' lang='lat' dir='ltr'>uec</span> <span class='ocrx_word' id='word_1_510' title='bbox 421 4651 483 4704; x_wconf 90' lang='lat' dir='ltr'>tam</span> <span class='ocrx_word' id='word_1_511' title='bbox 497 4649 603 4704; x_wconf 88' lang='lat' dir='ltr'>sanctis</span> <span class='ocrx_word' id='word_1_512' title='bbox 616 4649 780 4705; x_wconf 88' lang='lat' dir='ltr'>timuissent</span> <span class='ocrx_word' id='word_1_513' title='bbox 795 4649 904 4706; x_wconf 81' lang='lat' dir='ltr'>oedibus</span> <span class='ocrx_word' id='word_1_514' title='bbox 919 4653 997 4704; x_wconf 90' lang='lat' dir='ltr'>atras</span> 
     </span>
     <span class='ocr_line' id='line_1_85' title="bbox 261 4736 909 4808; baseline 0.002 -16"><span class='ocrx_word' id='word_1_515' title='bbox 261 4736 403 4808; x_wconf 84' lang='lat' dir='ltr'>injectare</span> <span class='ocrx_word' id='word_1_516' title='bbox 416 4753 531 4806; x_wconf 91' lang='lat' dir='ltr'>manus,</span> <span class='ocrx_word' id='word_1_517' title='bbox 545 4737 659 4793; x_wconf 77' lang='lat' dir='ltr'>diremit</span> <span class='ocrx_word' id='word_1_518' title='bbox 671 4737 766 4794; x_wconf 92' lang='lat' dir='ltr'>incola</span> <span class='ocrx_word' id='word_1_519' title='bbox 781 4741 909 4794; x_wconf 86' lang='lat' dir='ltr'>cunctus.</span> 
     </span>
     <span class='ocr_line' id='line_1_86' title="bbox 262 4825 908 4898; baseline 0 -17"><span class='ocrx_word' id='word_1_520' title='bbox 262 4825 383 4882; x_wconf 89' lang='lat' dir='ltr'>Sedulus</span> <span class='ocrx_word' id='word_1_521' title='bbox 397 4826 453 4881; x_wconf 80' lang='lat' dir='ltr'>linc</span> <span class='ocrx_word' id='word_1_522' title='bbox 464 4828 629 4898; x_wconf 89' lang='lat' dir='ltr'>explorator</span> <span class='ocrx_word' id='word_1_523' title='bbox 642 4826 761 4882; x_wconf 88' lang='lat' dir='ltr'>veniens</span> <span class='ocrx_word' id='word_1_524' title='bbox 775 4827 908 4883; x_wconf 88' lang='lat' dir='ltr'>studiosis</span> 
     </span>
     <span class='ocr_line' id='line_1_87' title="bbox 261 4912 933 4988; baseline 0.004 -20"><span class='ocrx_word' id='word_1_525' title='bbox 261 4912 371 4970; x_wconf 88' lang='lat' dir='ltr'>Visibus</span> <span class='ocrx_word' id='word_1_526' title='bbox 386 4915 519 4986; x_wconf 87' lang='lat' dir='ltr'>exquirit,</span> <span class='ocrx_word' id='word_1_527' title='bbox 535 4917 703 4972; x_wconf 89' lang='lat' dir='ltr'>sanctorum</span> <span class='ocrx_word' id='word_1_528' title='bbox 719 4915 803 4971; x_wconf 89' lang='lat' dir='ltr'>busta</span> <span class='ocrx_word' id='word_1_529' title='bbox 817 4916 933 4988; x_wconf 90' lang='lat' dir='ltr'>piorum</span> 
     </span>
     <span class='ocr_line' id='line_1_88' title="bbox 262 5001 994 5076; baseline 0.003 -18"><span class='ocrx_word' id='word_1_530' title='bbox 262 5001 324 5066; x_wconf 81' lang='lat' dir='ltr'>Quo</span> <span class='ocrx_word' id='word_1_531' title='bbox 333 5002 452 5074; x_wconf 74' lang='lat' dir='ltr'>Jaceant</span> <span class='ocrx_word' id='word_1_532' title='bbox 468 5005 610 5060; x_wconf 86' lang='lat' dir='ltr'>tumulata</span> <span class='ocrx_word' id='word_1_533' title='bbox 623 5005 696 5072; x_wconf 93' lang='lat' dir='ltr'>loco,</span> <span class='ocrx_word' id='word_1_534' title='bbox 713 5021 763 5060; x_wconf 90' lang='lat' dir='ltr'>scu</span> <span class='ocrx_word' id='word_1_535' title='bbox 776 5004 906 5076; x_wconf 86' lang='lat' dir='ltr'>quelibet</span> <span class='ocrx_word' id='word_1_536' title='bbox 919 5021 994 5060; x_wconf 89' lang='lat' dir='ltr'>arce.</span> 
     </span>
     <span class='ocr_line' id='line_1_89' title="bbox 261 5091 1012 5167; baseline 0.007 -22"><span class='ocrx_word' id='word_1_537' title='bbox 261 5091 333 5146; x_wconf 89' lang='lat' dir='ltr'>Nam</span> <span class='ocrx_word' id='word_1_538' title='bbox 354 5091 468 5150; x_wconf 88' lang='lat' dir='ltr'>deserta</span> <span class='ocrx_word' id='word_1_539' title='bbox 482 5092 572 5162; x_wconf 85' lang='lat' dir='ltr'>videt,</span> <span class='ocrx_word' id='word_1_540' title='bbox 587 5093 739 5167; x_wconf 90' lang='lat' dir='ltr'>specieque</span> <span class='ocrx_word' id='word_1_541' title='bbox 752 5094 881 5150; x_wconf 89' lang='lat' dir='ltr'>carentia</span> <span class='ocrx_word' id='word_1_542' title='bbox 892 5095 1012 5150; x_wconf 83' lang='lat' dir='ltr'>tumbae.</span> 
     </span>
     <span class='ocr_line' id='line_1_90' title="bbox 262 5179 1014 5255; baseline 0.005 -19"><span class='ocrx_word' id='word_1_543' title='bbox 262 5179 354 5246; x_wconf 85' lang='lat' dir='ltr'>Quem</span> <span class='ocrx_word' id='word_1_544' title='bbox 370 5180 467 5237; x_wconf 89' lang='lat' dir='ltr'>senior</span> <span class='ocrx_word' id='word_1_545' title='bbox 482 5182 590 5240; x_wconf 90' lang='lat' dir='ltr'>montis</span> <span class='ocrx_word' id='word_1_546' title='bbox 604 5182 733 5238; x_wconf 90' lang='lat' dir='ltr'>residens</span> <span class='ocrx_word' id='word_1_547' title='bbox 748 5183 778 5238; x_wconf 94' lang='lat' dir='ltr'>in</span> <span class='ocrx_word' id='word_1_548' title='bbox 793 5185 875 5255; x_wconf 87' lang='lat' dir='ltr'>parte</span> <span class='ocrx_word' id='word_1_549' title='bbox 891 5187 1014 5252; x_wconf 85' lang='lat' dir='ltr'>secreta,</span> 
     </span>
    </p>
   </div>
   <div class='ocr_carea' id='block_1_25' title="bbox 260 5278 1014 5714">
    <p class='ocr_par' dir='ltr' id='par_1_29' title="bbox 260 5278 1014 5714">
     <span class='ocr_line' id='line_1_91' title="bbox 261 5278 976 5354; baseline 0.003 -20"><span class='ocrx_word' id='word_1_550' title='bbox 261 5278 366 5334; x_wconf 90' lang='lat' dir='ltr'>Omnia</span> <span class='ocrx_word' id='word_1_551' title='bbox 381 5278 555 5336; x_wconf 89' lang='lat' dir='ltr'>lustrantem</span> <span class='ocrx_word' id='word_1_552' title='bbox 568 5297 690 5336; x_wconf 89' lang='lat' dir='ltr'>cernens</span> <span class='ocrx_word' id='word_1_553' title='bbox 705 5280 759 5336; x_wconf 91' lang='lat' dir='ltr'>hac</span> <span class='ocrx_word' id='word_1_554' title='bbox 772 5295 841 5336; x_wconf 90' lang='lat' dir='ltr'>voce</span> <span class='ocrx_word' id='word_1_555' title='bbox 853 5281 976 5354; x_wconf 85' lang='lat' dir='ltr'>rogavit.</span> 
     </span>
     <span class='ocr_line' id='line_1_92' title="bbox 260 5365 1014 5443; baseline 0.005 -21"><span class='ocrx_word' id='word_1_556' title='bbox 260 5365 335 5422; x_wconf 88' lang='lat' dir='ltr'>lieni</span> <span class='ocrx_word' id='word_1_557' title='bbox 352 5366 446 5442; x_wconf 91' lang='lat' dir='ltr'>inquit</span> <span class='ocrx_word' id='word_1_558' title='bbox 470 5369 585 5442; x_wconf 89' lang='lat' dir='ltr'>hospes,</span> <span class='ocrx_word' id='word_1_559' title='bbox 602 5385 729 5442; x_wconf 89' lang='lat' dir='ltr'>quanam</span> <span class='ocrx_word' id='word_1_560' title='bbox 744 5369 779 5426; x_wconf 90' lang='lat' dir='ltr'>de</span> <span class='ocrx_word' id='word_1_561' title='bbox 796 5374 883 5443; x_wconf 88' lang='lat' dir='ltr'>gente</span> <span class='ocrx_word' id='word_1_562' title='bbox 899 5373 1014 5427; x_wconf 83' lang='lat' dir='ltr'>remota</span> 
     </span>
     <span class='ocr_line' id='line_1_93' title="bbox 262 5457 915 5532; baseline 0.006 -20"><span class='ocrx_word' id='word_1_563' title='bbox 262 5457 417 5528; x_wconf 79' lang='lat' dir='ltr'>Explorare</span> <span class='ocrx_word' id='word_1_564' title='bbox 429 5458 509 5514; x_wconf 86' lang='lat' dir='ltr'>vonis</span> <span class='ocrx_word' id='word_1_565' title='bbox 518 5462 674 5532; x_wconf 87' lang='lat' dir='ltr'>nostroque</span> <span class='ocrx_word' id='word_1_566' title='bbox 686 5458 808 5516; x_wconf 90' lang='lat' dir='ltr'>invisere</span> <span class='ocrx_word' id='word_1_567' title='bbox 823 5461 915 5516; x_wconf 79' lang='lat' dir='ltr'>lines?</span> 
     </span>
     <span class='ocr_line' id='line_1_94' title="bbox 261 5544 967 5618; baseline 0.003 -18"><span class='ocrx_word' id='word_1_568' title='bbox 261 5544 371 5610; x_wconf 79' lang='lat' dir='ltr'>Quidve</span> <span class='ocrx_word' id='word_1_569' title='bbox 389 5546 483 5618; x_wconf 84' lang='lat' dir='ltr'>petist</span> <span class='ocrx_word' id='word_1_570' title='bbox 497 5547 604 5603; x_wconf 85' lang='lat' dir='ltr'>Rursus</span> <span class='ocrx_word' id='word_1_571' title='bbox 615 5549 761 5604; x_wconf 90' lang='lat' dir='ltr'>cunctanti</span> <span class='ocrx_word' id='word_1_572' title='bbox 777 5548 874 5604; x_wconf 87' lang='lat' dir='ltr'>taliter</span> <span class='ocrx_word' id='word_1_573' title='bbox 888 5549 967 5604; x_wconf 92' lang='lat' dir='ltr'>inllt:</span> 
     </span>
     <span class='ocr_line' id='line_1_95' title="bbox 261 5635 959 5714; baseline 0.001 -23"><span class='ocrx_word' id='word_1_574' title='bbox 261 5635 302 5691; x_wconf 88' lang='lat' dir='ltr'>Ne</span> <span class='ocrx_word' id='word_1_575' title='bbox 319 5637 431 5693; x_wconf 88' lang='lat' dir='ltr'>metuas</span> <span class='ocrx_word' id='word_1_576' title='bbox 445 5639 555 5694; x_wconf 88' lang='lat' dir='ltr'>secreta</span> <span class='ocrx_word' id='word_1_577' title='bbox 569 5635 611 5693; x_wconf 91' lang='lat' dir='ltr'>tni</span> <span class='ocrx_word' id='word_1_578' title='bbox 626 5636 697 5694; x_wconf 84' lang='lat' dir='ltr'>milri</span> <span class='ocrx_word' id='word_1_579' title='bbox 713 5638 841 5714; x_wconf 90' lang='lat' dir='ltr'>pandere</span> <span class='ocrx_word' id='word_1_580' title='bbox 855 5637 959 5693; x_wconf 90' lang='lat' dir='ltr'>cordis.</span> 
     </span>
    </p>
   </div>
   <div class='ocr_carea' id='block_1_26' title="bbox 1093 4195 1942 5708">
    <p class='ocr_par' dir='ltr' id='par_1_30' title="bbox 1093 4195 1942 4890">
     <span class='ocr_line' id='line_1_96' title="bbox 1093 4195 1942 4284; baseline -0.016 -16"><span class='ocrx_word' id='word_1_581' title='bbox 1093 4239 1096 4246; x_wconf 58' lang='lat'><strong><em>⁴</em></strong></span> <span class='ocrx_word' id='word_1_582' title='bbox 1118 4213 1185 4278; x_wconf 79' lang='lat' dir='ltr'>Quae</span> <span class='ocrx_word' id='word_1_583' title='bbox 1197 4212 1286 4268; x_wconf 92' lang='lat' dir='ltr'>vetuit</span> <span class='ocrx_word' id='word_1_584' title='bbox 1297 4211 1427 4284; x_wconf 86' lang='lat' dir='ltr'>prolerre</span> <span class='ocrx_word' id='word_1_585' title='bbox 1447 4206 1727 4283; x_wconf 87' lang='lat' dir='ltr'>pedem,spatiequc</span> <span class='ocrx_word' id='word_1_586' title='bbox 1743 4195 1841 4258; x_wconf 87' lang='lat' dir='ltr'>moveri</span> <span class='ocrx_word' id='word_1_587' title='bbox 1941 4229 1942 4254; x_wconf 80' lang='lat' dir='ltr'>i</span> 
     </span>
     <span class='ocr_line' id='line_1_97' title="bbox 1117 4288 1811 4367; baseline -0.02 -10"><span class='ocrx_word' id='word_1_588' title='bbox 1117 4301 1178 4366; x_wconf 82' lang='lat' dir='ltr'>Quo</span> <span class='ocrx_word' id='word_1_589' title='bbox 1191 4302 1340 4356; x_wconf 86' lang='lat' dir='ltr'>steterant.</span> <span class='ocrx_word' id='word_1_590' title='bbox 1352 4297 1490 4354; x_wconf 83' lang='lat' dir='ltr'>Coelieillo</span> <span class='ocrx_word' id='word_1_591' title='bbox 1503 4296 1556 4350; x_wconf 89' lang='lat' dir='ltr'>sub</span> <span class='ocrx_word' id='word_1_592' title='bbox 1568 4298 1703 4367; x_wconf 86' lang='lat' dir='ltr'>tempere</span> <span class='ocrx_word' id='word_1_593' title='bbox 1715 4288 1811 4347; x_wconf 75' lang='lat' dir='ltr'>missen</span> 
     </span>
     <span class='ocr_line' id='line_1_98' title="bbox 1117 4376 1786 4462; baseline -0.019 -19"><span class='ocrx_word' id='word_1_594' title='bbox 1117 4390 1242 4462; x_wconf 90' lang='lat' dir='ltr'>Angelus</span> <span class='ocrx_word' id='word_1_595' title='bbox 1254 4389 1284 4444; x_wconf 92' lang='lat' dir='ltr'>in</span> <span class='ocrx_word' id='word_1_596' title='bbox 1300 4386 1418 4453; x_wconf 88' lang='lat' dir='ltr'>somnis,</span> <span class='ocrx_word' id='word_1_597' title='bbox 1430 4386 1508 4440; x_wconf 91' lang='lat' dir='ltr'>vultu</span> <span class='ocrx_word' id='word_1_598' title='bbox 1517 4384 1665 4456; x_wconf 89' lang='lat' dir='ltr'>verboque</span> <span class='ocrx_word' id='word_1_599' title='bbox 1680 4376 1786 4436; x_wconf 87' lang='lat' dir='ltr'>minaci</span> 
     </span>
     <span class='ocr_line' id='line_1_99' title="bbox 1116 4469 1731 4539; baseline -0.015 -6"><span class='ocrx_word' id='word_1_600' title='bbox 1116 4477 1287 4534; x_wconf 84' lang='lat' dir='ltr'>Pontificem</span> <span class='ocrx_word' id='word_1_601' title='bbox 1302 4476 1377 4532; x_wconf 89' lang='lat' dir='ltr'>sedis</span> <span class='ocrx_word' id='word_1_602' title='bbox 1389 4476 1529 4530; x_wconf 80' lang='lat' dir='ltr'>Romanae</span> <span class='ocrx_word' id='word_1_603' title='bbox 1544 4471 1658 4539; x_wconf 90' lang='lat' dir='ltr'>terruit,</span> <span class='ocrx_word' id='word_1_604' title='bbox 1670 4469 1731 4528; x_wconf 87' lang='lat' dir='ltr'>istis</span> 
     </span>
     <span class='ocr_line' id='line_1_100' title="bbox 1117 4563 1826 4637; baseline -0.018 -17"><span class='ocrx_word' id='word_1_605' title='bbox 1117 4566 1295 4637; x_wconf 90' lang='lat' dir='ltr'>increpitans</span> <span class='ocrx_word' id='word_1_606' title='bbox 1306 4563 1388 4620; x_wconf 89' lang='lat' dir='ltr'>dictis</span> <span class='ocrx_word' id='word_1_607' title='bbox 1401 4577 1559 4618; x_wconf 89' lang='lat' dir='ltr'>acsomnos</span> <span class='ocrx_word' id='word_1_608' title='bbox 1574 4574 1713 4632; x_wconf 90' lang='lat' dir='ltr'>rumpere</span> <span class='ocrx_word' id='word_1_609' title='bbox 1726 4569 1826 4626; x_wconf 87' lang='lat' dir='ltr'>cogens</span> 
     </span>
     <span class='ocr_line' id='line_1_101' title="bbox 1118 4647 1798 4726; baseline -0.021 -15"><span class='ocrx_word' id='word_1_610' title='bbox 1118 4656 1174 4711; x_wconf 89' lang='lat' dir='ltr'>Cur</span> <span class='ocrx_word' id='word_1_611' title='bbox 1186 4659 1214 4711; x_wconf 88' lang='lat' dir='ltr'>ve</span> <span class='ocrx_word' id='word_1_612' title='bbox 1224 4654 1330 4726; x_wconf 89' lang='lat' dir='ltr'>segnis,</span> <span class='ocrx_word' id='word_1_613' title='bbox 1343 4652 1393 4720; x_wconf 90' lang='lat' dir='ltr'>ait,</span> <span class='ocrx_word' id='word_1_614' title='bbox 1407 4655 1507 4724; x_wconf 91' lang='lat' dir='ltr'>torpor</span> <span class='ocrx_word' id='word_1_615' title='bbox 1521 4651 1594 4704; x_wconf 90' lang='lat' dir='ltr'>lecto</span> <span class='ocrx_word' id='word_1_616' title='bbox 1610 4647 1798 4702; x_wconf 86' lang='lat' dir='ltr'>recubantem</span> 
     </span>
     <span class='ocr_line' id='line_1_102' title="bbox 1118 4729 1811 4813; baseline -0.025 -11"><span class='ocrx_word' id='word_1_617' title='bbox 1118 4745 1243 4813; x_wconf 82' lang='lat' dir='ltr'>Detinet,</span> <span class='ocrx_word' id='word_1_618' title='bbox 1254 4749 1283 4801; x_wconf 88' lang='lat' dir='ltr'>et</span> <span class='ocrx_word' id='word_1_619' title='bbox 1296 4743 1390 4799; x_wconf 89' lang='lat' dir='ltr'>Latios</span> <span class='ocrx_word' id='word_1_620' title='bbox 1403 4741 1510 4813; x_wconf 86' lang='lat' dir='ltr'>pateris</span> <span class='ocrx_word' id='word_1_621' title='bbox 1523 4737 1692 4812; x_wconf 90' lang='lat' dir='ltr'>popularier</span> <span class='ocrx_word' id='word_1_622' title='bbox 1705 4729 1811 4808; x_wconf 74' lang='lat' dir='ltr'>agros?</span> 
     </span>
     <span class='ocr_line' id='line_1_103' title="bbox 1118 4824 1726 4890; baseline -0.02 0"><span class='ocrx_word' id='word_1_623' title='bbox 1118 4835 1189 4890; x_wconf 88' lang='lat' dir='ltr'>Nam</span> <span class='ocrx_word' id='word_1_624' title='bbox 1202 4833 1272 4888; x_wconf 87' lang='lat' dir='ltr'>Gelli</span> <span class='ocrx_word' id='word_1_625' title='bbox 1286 4831 1386 4887; x_wconf 89' lang='lat' dir='ltr'>vestris</span> <span class='ocrx_word' id='word_1_626' title='bbox 1399 4828 1496 4884; x_wconf 88' lang='lat' dir='ltr'>inlesti</span> <span class='ocrx_word' id='word_1_627' title='bbox 1522 4827 1627 4882; x_wconf 82' lang='lat' dir='ltr'>sinibus</span> <span class='ocrx_word' id='word_1_628' title='bbox 1642 4824 1726 4890; x_wconf 88' lang='lat' dir='ltr'>clim,</span> 
     </span>
    </p>

    <p class='ocr_par' dir='ltr' id='par_1_31' title="bbox 1117 4911 1811 5258">
     <span class='ocr_line' id='line_1_104' title="bbox 1118 4911 1784 4987; baseline -0.021 -9"><span class='ocrx_word' id='word_1_629' title='bbox 1118 4924 1198 4978; x_wconf 92' lang='lat' dir='ltr'>Nunc</span> <span class='ocrx_word' id='word_1_630' title='bbox 1208 4921 1311 4978; x_wconf 90' lang='lat' dir='ltr'>veteris</span> <span class='ocrx_word' id='word_1_631' title='bbox 1321 4935 1466 4976; x_wconf 82' lang='lat' dir='ltr'>memores</span> <span class='ocrx_word' id='word_1_632' title='bbox 1482 4914 1691 4987; x_wconf 81' lang='lat' dir='ltr'>irm,snliragia</span> <span class='ocrx_word' id='word_1_633' title='bbox 1707 4911 1784 4967; x_wconf 90' lang='lat' dir='ltr'>vobis</span> 
     </span>
     <span class='ocr_line' id='line_1_105' title="bbox 1117 5005 1762 5082; baseline -0.02 -15"><span class='ocrx_word' id='word_1_634' title='bbox 1117 5012 1274 5080; x_wconf 89' lang='lat' dir='ltr'>Justorum,</span> <span class='ocrx_word' id='word_1_635' title='bbox 1286 5011 1369 5082; x_wconf 90' lang='lat' dir='ltr'>rapto</span> <span class='ocrx_word' id='word_1_636' title='bbox 1391 5008 1522 5063; x_wconf 90' lang='lat' dir='ltr'>nituntur</span> <span class='ocrx_word' id='word_1_637' title='bbox 1534 5005 1636 5061; x_wconf 82' lang='lat' dir='ltr'>tollere</span> <span class='ocrx_word' id='word_1_638' title='bbox 1651 5017 1762 5062; x_wconf 89' lang='lat' dir='ltr'>coram,</span> 
     </span>
     <span class='ocr_line' id='line_1_106' title="bbox 1118 5087 1811 5167; baseline -0.023 -9"><span class='ocrx_word' id='word_1_639' title='bbox 1118 5101 1272 5158; x_wconf 87' lang='lat' dir='ltr'>Servorum</span> <span class='ocrx_word' id='word_1_640' title='bbox 1286 5096 1403 5155; x_wconf 87' lang='lat' dir='ltr'>Domini</span> <span class='ocrx_word' id='word_1_641' title='bbox 1415 5097 1549 5167; x_wconf 88' lang='lat' dir='ltr'>captante</span> <span class='ocrx_word' id='word_1_642' title='bbox 1559 5109 1684 5166; x_wconf 86' lang='lat' dir='ltr'>corpora</span> <span class='ocrx_word' id='word_1_643' title='bbox 1703 5087 1811 5144; x_wconf 90' lang='lat' dir='ltr'>lnrtim.</span> 
     </span>
     <span class='ocr_line' id='line_1_107' title="bbox 1117 5181 1674 5258; baseline -0.018 -12"><span class='ocrx_word' id='word_1_644' title='bbox 1117 5191 1242 5246; x_wconf 83' lang='lat' dir='ltr'>Antiates</span> <span class='ocrx_word' id='word_1_645' title='bbox 1256 5187 1304 5244; x_wconf 87' lang='lat' dir='ltr'>teli</span> <span class='ocrx_word' id='word_1_646' title='bbox 1320 5187 1450 5242; x_wconf 88' lang='lat' dir='ltr'>turbatus</span> <span class='ocrx_word' id='word_1_647' title='bbox 1463 5185 1582 5258; x_wconf 89' lang='lat' dir='ltr'>pectora</span> <span class='ocrx_word' id='word_1_648' title='bbox 1601 5181 1674 5246; x_wconf 90' lang='lat' dir='ltr'>visu,</span> 
     </span>
    </p>

    <p class='ocr_par' dir='ltr' id='par_1_32' title="bbox 1117 5267 1899 5708">
     <span class='ocr_line' id='line_1_108' title="bbox 1117 5267 1779 5352; baseline -0.021 -18"><span class='ocrx_word' id='word_1_649' title='bbox 1117 5277 1249 5352; x_wconf 85' lang='lat' dir='ltr'>Exsurgit</span> <span class='ocrx_word' id='word_1_650' title='bbox 1260 5275 1366 5343; x_wconf 86' lang='lat' dir='ltr'>stratis,</span> <span class='ocrx_word' id='word_1_651' title='bbox 1378 5290 1410 5330; x_wconf 90' lang='lat' dir='ltr'>ac</span> <span class='ocrx_word' id='word_1_652' title='bbox 1423 5272 1541 5344; x_wconf 90' lang='lat' dir='ltr'>agmina</span> <span class='ocrx_word' id='word_1_653' title='bbox 1552 5269 1630 5342; x_wconf 90' lang='lat' dir='ltr'>cogit</span> <span class='ocrx_word' id='word_1_654' title='bbox 1638 5267 1670 5336; x_wconf 82' lang='lat' dir='ltr'>in</span> <span class='ocrx_word' id='word_1_655' title='bbox 1686 5281 1779 5324; x_wconf 88' lang='lat' dir='ltr'>arma.</span> 
     </span>
     <span class='ocr_line' id='line_1_109' title="bbox 1117 5355 1745 5440; baseline -0.027 -15"><span class='ocrx_word' id='word_1_656' title='bbox 1117 5365 1376 5440; x_wconf 86' lang='lat' dir='ltr'>Langobardorum</span> <span class='ocrx_word' id='word_1_657' title='bbox 1391 5361 1528 5418; x_wconf 85' lang='lat' dir='ltr'>subnixus</span> <span class='ocrx_word' id='word_1_658' title='bbox 1541 5359 1661 5427; x_wconf 90' lang='lat' dir='ltr'>viribus,</span> <span class='ocrx_word' id='word_1_659' title='bbox 1680 5355 1745 5412; x_wconf 90' lang='lat' dir='ltr'>illos</span> 
     </span>
     <span class='ocr_line' id='line_1_110' title="bbox 1117 5441 1812 5528; baseline -0.024 -16"><span class='ocrx_word' id='word_1_660' title='bbox 1117 5455 1288 5528; x_wconf 89' lang='lat' dir='ltr'>insequitur,</span> <span class='ocrx_word' id='word_1_661' title='bbox 1306 5452 1355 5525; x_wconf 91' lang='lat' dir='ltr'>qui</span> <span class='ocrx_word' id='word_1_662' title='bbox 1369 5453 1435 5524; x_wconf 89' lang='lat' dir='ltr'>post</span> <span class='ocrx_word' id='word_1_663' title='bbox 1450 5455 1566 5522; x_wconf 88' lang='lat' dir='ltr'>tergum</span> <span class='ocrx_word' id='word_1_664' title='bbox 1581 5445 1692 5504; x_wconf 86' lang='lat' dir='ltr'>cervice</span> <span class='ocrx_word' id='word_1_665' title='bbox 1707 5441 1812 5500; x_wconf 80' lang='lat' dir='ltr'>rellese</span> 
     </span>
     <span class='ocr_line' id='line_1_111' title="bbox 1117 5525 1879 5616; baseline -0.029 -14"><span class='ocrx_word' id='word_1_666' title='bbox 1117 5548 1288 5601; x_wconf 86' lang='lat' dir='ltr'>lrxnnmeros</span> <span class='ocrx_word' id='word_1_667' title='bbox 1299 5543 1396 5598; x_wconf 87' lang='lat' dir='ltr'>hostes</span> <span class='ocrx_word' id='word_1_668' title='bbox 1411 5557 1440 5595; x_wconf 92' lang='lat' dir='ltr'>se</span> <span class='ocrx_word' id='word_1_669' title='bbox 1454 5541 1574 5614; x_wconf 90' lang='lat' dir='ltr'>propter</span> <span class='ocrx_word' id='word_1_670' title='bbox 1585 5551 1701 5592; x_wconf 88' lang='lat' dir='ltr'>currere</span> <span class='ocrx_word' id='word_1_671' title='bbox 1731 5525 1856 5586; x_wconf 86' lang='lat' dir='ltr'>cernunt·</span> <span class='ocrx_word' id='word_1_672' title='bbox 1874 5606 1879 5616; x_wconf 31' lang='lat'>&#39;</span> 
     </span>
     <span class='ocr_line' id='line_1_112' title="bbox 1120 5609 1899 5708; baseline -0.024 -16"><span class='ocrx_word' id='word_1_673' title='bbox 1120 5634 1366 5708; x_wconf 84' lang='lat' dir='ltr'>Quodpostquam</span> <span class='ocrx_word' id='word_1_674' title='bbox 1390 5629 1498 5692; x_wconf 85' lang='lat' dir='ltr'>videre.</span> <span class='ocrx_word' id='word_1_675' title='bbox 1515 5631 1594 5684; x_wconf 90' lang='lat' dir='ltr'>mctn</span> <span class='ocrx_word' id='word_1_676' title='bbox 1609 5625 1689 5682; x_wconf 90' lang='lat' dir='ltr'>calor</span> <span class='ocrx_word' id='word_1_677' title='bbox 1712 5637 1774 5678; x_wconf 89' lang='lat' dir='ltr'>ossa</span> <span class='ocrx_word' id='word_1_678' title='bbox 1792 5609 1899 5684; x_wconf 68' lang='lat' dir='ltr'>reliqnii-</span> 
     </span>
    </p>
   </div>
   <div class='ocr_carea' id='block_1_27' title="bbox 0 0 1989 6176">
    <p class='ocr_par' dir='ltr' id='par_1_33' title="bbox 0 0 1989 6176">
     <span class='ocr_line' id='line_1_113' title="bbox 0 0 1989 6176; baseline 0 0"><span class='ocrx_word' id='word_1_679' title='bbox 0 0 1989 6176; x_wconf 95' lang='lat' dir='ltr'> </span> 
     </span>
    </p>
   </div>
  </div>
 </body>
</html>
