4022 6188
105 425 170 483 iser
741 413 1075 476 vnrmmuauoms
1093 417 1126 476 u.
1222 369 1229 378 ’
1696 415 1766 482 taes

102 547 200 615 dicere,
215 559 269 600 non
291 541 377 599 sotum
389 537 519 610 emittite,
534 537 579 596 sed
592 539 662 613 qnod
683 538 772 610 majus
790 543 837 608 cst,
853 541 951 602 mab
1000 542 1043 596 iti.
1058 540 1116 596 liae
1125 539 1214 612 igitur
1221 537 1427 610 simultatione,
1439 539 1484 598 bis
1494 537 1764 600 adiisinlestissimis

103 651 165 708 ona
179 632 344 690 vaecordia
361 631 528 704 deputamus.
542 629 663 684 Dorceus
678 629 740 684 Otto
753 627 817 696 dim,
832 635 912 698 poter
961 627 1116 686 discessum
1136 634 1189 697 est,
1212 634 1241 686 et
1263 630 1457 704 unusquisque
1479 630 1517 686 ed
1536 627 1655 702 propria
1667 627 1764 686 redire

104 728 182 781 istius
209 722 367 778 coenobitis
391 720 516 778 Conrndi
542 721 616 775 ducis
641 720 717 774 notis
739 717 910 784 consedentis,
961 715 1125 774 festinabat.
1140 718 1198 775 Sed
1219 719 1344 776 domnus
1354 718 1494 791 pontifex,
1507 718 1577 774 dum
1596 734 1629 774 ex
1644 716 1762 791 proprie

100 821 181 870 antec
195 829 227 868 er
246 811 306 885 filio
323 818 361 866 ost
375 819 399 854 ¹⁸
412 811 507 879 moeni
522 809 636 876 Ottom's,
659 809 736 878 cujus
756 823 830 862 soror
846 807 910 862 Gir·
961 812 984 847 ⁸²
996 807 1092 885 patria
1114 809 1250 866 recedens
1275 809 1311 866 ad
1336 810 1434 881 regale
1462 807 1637 882 colloquium
1664 821 1762 880 perre-

102 905 229 974 aaran
243 901 316 955 dedit
337 900 422 970 filium
447 916 523 956 mom
546 898 671 954 Conrado
683 896 911 968 Burgundionum
961 896 1251 963 xeret,nibilhornm
1262 897 1596 966 metueus‚nihilhorum
1611 894 1761 966 estimans,

100 995 167 1063 regi.
185 991 232 1048 lin
242 989 365 1046 Gonrcdi
376 996 466 1044 cutem
481 989 538 1058 fitia
552 996 617 1043 noto
631 995 667 1042 cst
682 985 912 1042 dominoMnttit·
961 985 1028 1058 quia
1043 990 1105 1042 erat
1125 987 1257 1044 omnium
1270 988 1312 1044 sui
1325 988 1463 1062 temporis
1485 985 1653 1042 mitissimus
1675 988 1762 1058 atque

98 1082 141 1136 dis
155 1089 190 1148 ⁸⁰,
206 1080 291 1150 tejas
309 1077 432 1134 Goorcdi
443 1085 466 1120 ⁸¹
480 1077 619 1132 assidentis
632 1093 698 1130 uror
717 1076 778 1131 Hoc
792 1092 853 1145 erpo
865 1080 910 1146 pe·
961 1074 1105 1146 pacificus,
1115 1093 1173 1131 non
1185 1079 1277 1134 multa
1291 1078 1409 1135 militari
1423 1095 1523 1146 meuu,
1536 1078 1579 1132 set
1588 1074 1760 1132 clericorum

98 1170 231 1240 nealogiae
247 1167 350 1230 ordine,
370 1169 431 1239 qnia
444 1167 531 1236 frater
544 1182 669 1238 sororque
683 1167 712 1218 r'n
725 1165 908 1242 supputatione
959 1165 988 1218 et
1001 1165 1270 1222 honestissimorum
1284 1167 1425 1224 laicorum
1440 1165 1603 1223 dulcissimo
1618 1162 1759 1220 comitatu

98 1275 154 1312 non
163 1257 358 1322 admittuntur,
370 1255 588 1322 consanguinitas
598 1253 907 1324 tornmnonptnsquam
959 1271 1024 1309 usus
1045 1258 1098 1322 est,
1124 1259 1152 1310 et
1175 1259 1293 1328 propter
1308 1256 1338 1311 id
1361 1256 1391 1311 in
1414 1256 1574 1323 redeundo,
1598 1269 1700 1310 verens
1720 1269 1757 1309 ae

98 1345 213 1402 meando
227 1345 282 1400 ioco
297 1344 558 1414 elongaripraeoctct.
576 1344 640 1401 Herc
655 1343 740 1398 beato
754 1341 815 1397 viru
830 1344 905 1397 rete·
955 1342 1032 1398 torte
1043 1343 1072 1398 in
1087 1343 1133 1399 via
1146 1344 1235 1400 luostis
1250 1344 1368 1400 insidias
1379 1347 1536 1416 pateretur,
1546 1344 1583 1400 ab
1596 1342 1700 1398 itinere
1708 1359 1759 1414 pa·

99 1438 197 1504 xente,
206 1438 294 1490 tanta
305 1435 355 1490 iric
365 1436 512 1505 tantaque
520 1433 680 1488 simultates
693 1431 905 1504 inipsasynudo
957 1448 1025 1486 rum
1040 1433 1110 1504 quid
1125 1433 1269 1489 declinare
1283 1433 1405 1505 dignum
1418 1433 1507 1501 duxit,
1516 1432 1656 1488 ctcedere
1665 1431 1758 1504 magis

101 1539 242 1596 exurgere
252 1523 337 1595 coepit
352 1525 393 1589 ut,
409 1522 463 1577 nisi
478 1525 597 1576 assatae
609 1521 809 1592 nobilitasque
822 1522 904 1584 coelo,
957 1521 994 1576 ad
1004 1521 1106 1576 horam
1118 1523 1335 1594 quamvesauias
1348 1531 1372 1566 ³⁸
1382 1524 1503 1579 furentis
1518 1520 1758 1593 principisloouur

100 1617 181 1667 terra
204 1612 336 1684 merique
360 1612 493 1682 ultraque
516 1625 597 1664 mare
612 1609 725 1664 inclitus
740 1610 904 1680 cllulgchnt,
957 1610 1042 1664 caedis
1056 1614 1105 1666 sut
1118 1611 1237 1684 alicujus
1250 1612 1368 1666 alterius
1378 1611 1567 1684 malignitatis
1581 1608 1757 1665 darevoluit.

102 1699 251 1756 Corradus
261 1699 370 1766 dux‚de
380 1715 491 1772 queres
501 1707 525 1742 ⁸²
536 1699 723 1768 agebatur,ct
733 1698 905 1770 quicumque
922 1698 1006 1769 BDei
1024 1702 1120 1754 autem
1137 1699 1346 1770 omnipotentis
1367 1704 1396 1756 ct
1410 1699 1513 1755 Christi
1528 1698 1590 1768 ejus
1603 1696 1759 1756 iuetlahilis

102 1803 162 1843 sues
178 1787 266 1858 partis
279 1790 372 1856 erant,
389 1803 484 1860 neque
497 1788 589 1842 licum
604 1803 698 1858 neque
713 1787 823 1858 regiam
843 1801 905 1840 ma·
957 1788 1048 1860 pietas
1063 1791 1092 1843 ct
1106 1791 1216 1842 aeterna
1239 1788 1404 1852 clementia,
1420 1787 1503 1843 aliter
1521 1803 1610 1858 quam
1631 1785 1758 1842 domnus

97 1876 236 1948 jestetem
251 1877 427 1938 reverentes,
443 1891 537 1946 ueque
562 1875 767 1942 sacerdotibus,
781 1891 906 1946 quorum
957 1877 1087 1949 pontifex
1104 1877 1275 1946 crediderat,
1285 1877 1326 1932 rei
1341 1879 1478 1933 eventum
1487 1873 1758 1946 miserandodispo·

100 1965 229 2020 maxima
244 1965 273 2019 et
287 1963 489 2019 honestissime
515 1965 671 2018 multitudo
687 1981 821 2036 praesens
840 1965 906 2018 ade·
956 1965 1048 2021 suitet
1064 1965 1244 2036 disponendo
1260 1965 1475 2037 preordinavit,
1486 1964 1556 2020 dum
1568 1961 1701 2035 spiritum
1712 1964 1759 2018 lu·

100 2057 158 2120 rat,
174 2051 282 2124 aliquid
303 2052 421 2108 horroris
435 2052 592 2118 exibentes,
613 2068 696 2106 arma
719 2052 904 2124 furoremque
955 2054 1029 2109 roris
1042 2057 1070 2109 et
1085 2054 1284 2125 malignitatis,
1299 2055 1368 2110 dum
1379 2053 1435 2108 vim
1449 2052 1600 2109 hacheniis
1613 2060 1637 2096 ⁸⁹
1652 2054 1682 2108 et
1696 2061 1757 2108 tur·

98 2140 316 2214 corripuissent,
330 2145 359 2195 et
373 2141 409 2196 ad
423 2140 567 2196 insaniam
595 2142 807 2209 exsaciandam,
820 2140 904 2213 quid·
955 2143 1065 2200 bulenti
1079 2143 1234 2216 vertigines
1243 2153 1265 2186 ⁴⁰
1276 2143 1306 2199 in
1318 2159 1384 2198 eum
1393 2157 1529 2214 perorem
1535 2141 1566 2197 in
1582 2157 1707 2214 eumque
1721 2139 1758 2196 ti·

98 2229 171 2303 quid
196 2230 266 2285 mali
294 2246 397 2285 manus
422 2231 568 2302 roburque
594 2229 702 2284 interro
721 2233 827 2303 posset,
844 2245 903 2284 non
955 2229 1759 2303 moremcommutavit,uteoimpetueaquevirtute,qua

99 2317 252 2374 omisisset.
954 2324 1005 2378 ltei
1020 2323 1114 2378 virum
1130 2331 1152 2365 ⁴¹
1167 2325 1236 2378 aute
1251 2321 1383 2394 persequi
1408 2321 1592 2388 moliebatur,
1613 2335 1690 2376 nuuc
1711 2319 1756 2376 iu·

137 2411 180 2462 ts.
197 2405 304 2462 Aderat
326 2405 393 2462 huic
413 2407 508 2478 magis
525 2407 659 2462 seditioni
681 2423 768 2479 quam
791 2407 902 2478 synodo
954 2428 1022 2482 gere
1032 2428 1064 2466 ac
1075 2413 1152 2466 retro
1163 2411 1205 2466 ire
1219 2409 1326 2466 viribus
1341 2409 1445 2482 quibus
1454 2411 1568 2482 poterat
1582 2407 1759 2481 aggredere·

98 2496 225 2550 domnus
237 2495 439 2563 Theodericus,
450 2495 541 2550 irater
559 2496 676 2567 quidem
692 2497 776 2566 hujus
790 2495 901 2550 domini
954 2503 1010 2568 tur,
1019 2517 1051 2556 ac
1064 2500 1157 2570 magis
1167 2499 1230 2571 capi
1246 2499 1457 2570 timeretquam
1466 2513 1569 2569 capere
1582 2498 1755 2556 elaboraret.

98 2584 191 2639 riostri
205 2582 394 2638 Adalberonis
404 2584 558 2656 pontilicis,
569 2583 625 2638 dux
634 2588 731 2638 autem
743 2599 845 2638 corum
854 2583 902 2654 qui
990 2592 1033 2644 20,
1043 2589 1159 2644 Duobus
1167 2588 1255 2658 igitur
1266 2586 1367 2642 diebus
1381 2588 1448 2657 iuge
1461 2585 1550 2640 iidem
1560 2583 1756 2650 committens,

97 2673 139 2726 cis
152 2681 175 2715 ⁸³
188 2672 317 2745 citraque
337 2675 443 2728 blesens
463 2674 666 2744 Mosellamque
680 2681 704 2715 ⁸⁸
720 2672 857 2738 resident,
874 2675 903 2726 et
955 2678 1046 2733 donec
1060 2678 1090 2731 in
1105 2681 1165 2731 tuto
1179 2693 1209 2730 sc
1224 2693 1284 2730 esse
1300 2675 1431 2742 credidit,
1444 2689 1559 2745 semper
1572 2690 1602 2728 se
1617 2672 1757 2729 adomno

96 2762 601 2834 haecquceagebanlurquequejuste
613 2761 903 2831 disponebantur,sua
954 2767 1089 2836 pontifice
1105 2769 1134 2820 et
1145 2767 1234 2820 iratre
1249 2767 1310 2836 ejus
1321 2763 1555 2820 duce'leoderico
1569 2759 1681 2834 insequi
1700 2759 1758 2816 exi·

96 2849 902 2921 auctoritatefirmabatatquecorroborabnt‚nuptiasque
953 2853 1091 2907 stimabet
1102 2857 1281 2909 memoratus
1298 2853 1461 2918 Corrradus3
1478 2849 1568 2906 uestri
1584 2864 1651 2904 vero
1668 2846 1755 2902 nichil

94 2937 211 2993 illicitas
225 2955 291 2992 cum
316 2938 435 3010 reliquis
457 2939 585 3004 ducibus,
601 2937 765 3004 comitibus,
782 2941 810 2992 et
825 2937 903 3008 quod
954 2941 1031 2997 aliisd
1042 2957 1129 3013 quem
1143 2941 1268 3014 patriam
1283 2944 1425 3014 repetere,
1437 2943 1465 2993 et
1475 2938 1504 2993 id
1514 2933 1755 2992 summnlestiua·

95 3027 193 3098 majus
201 3029 252 3091 est,
262 3027 458 3082 sacerdotibus
473 3029 531 3083 Deo
545 3031 574 3082 et
586 3026 750 3082 rectitudini
766 3042 799 3080 ac
813 3025 901 3097 regite
953 3024 1757 3102 tioneconabantur5etquiaidtempusposccbetproeter

91 3115 214 3186 justitia
229 3115 390 3170 laventibus
401 3115 574 3186 dampnans,
587 3116 766 3170 ethnmanas
776 3114 832 3168 iras
843 3131 902 3170 non
915 3096 938 3155 C
953 3136 1053 3192 pacem
1070 3122 1098 3174 et
1110 3136 1145 3174 ea
1163 3135 1227 3190 quoe
1240 3119 1317 3190 pacis
1333 3119 1410 3184 sunt,
1427 3113 1557 3171 videlieet
1570 3115 1690 3179 metere,
1706 3126 1754 3166 cu·

94 3201 509 3275 formidans,aequitatislance
522 3221 585 3276 quio
598 3203 740 3258 Deierant
754 3203 901 3258 liberrime
952 3208 992 3262 ris
1007 3208 1171 3263 domesticis
1186 3208 1267 3262 utilia
1282 3205 1497 3271 administrare,
1518 3202 1643 3257 domnus
1656 3202 1755 3256 autem

94 3291 282 3348 decernebat.
291 3293 418 3347 Aderant
427 3292 515 3348 etiam
528 3293 557 3347 iu
569 3292 900 3364 hacvencrabilisynodo
953 3297 1101 3369 episcopus
1112 3307 1134 3338 ⁴¹
1144 3299 1281 3352 consueta
1290 3298 1430 3368 repetere,
1439 3286 1756 3348 monasteriavidelioet

93 3379 537 3452 primietpraecipuisacerdotes
552 3381 704 3453 Willigisus
719 3381 901 3450 linguntiuus
952 3386 996 3442 ool
1011 3401 1086 3440 nova
1101 3389 1267 3442 construere
1280 3385 1323 3439 vel
1333 3386 1431 3439 vetera
1444 3385 1597 3436 restruere.
1618 3391 1754 3450 procura·

93 3469 211 3538 praesul,
229 3469 394 3524 lleribertus
406 3468 586 3524 Coloniensis
601 3469 702 3524 itidem
718 3470 833 3540 praesul,
844 3469 900 3536 [ille
953 3475 1012 3532 bat,
1028 3475 1093 3529 11aess
1108 3474 1166 3530 dixi
1180 3477 1299 3547 propter
1313 3474 1375 3539 1103,
1391 3471 1440 3545 qui
1456 3469 1532 3526 boati
1550 3467 1603 3523 viri
1618 3467 1755 3521 innoeen-

93 3557 308 3612 Warmacensis
321 3557 390 3626 (23),
406 3557 453 3612 ille
468 3557 665 3629 argentensis,
682 3561 707 3612 2.
725 3560 776 3624 3.),
796 3557 900 3612 Walte-
952 3563 1023 3618 tiam
1032 3567 1060 3618 et
1070 3565 1211 3637 pietatem
1224 3564 1255 3618 in
1267 3562 1418 3618 stultitiam
1429 3558 1651 3616 etstoliditetem
1662 3555 1755 3608 verte·

92 3645 155 3700 rius
171 3653 195 3687 ³³
209 3645 361 3717 Spirensis,
387 3646 538 3717 Notgerisss
557 3654 580 3688 ⁸⁰
602 3645 793 3712 lamicensis,
819 3646 901 3700 flezel
952 3652 1023 3708 bant
1037 3658 1067 3708 et
1077 3652 1244 3708 tudaeorum
1258 3668 1403 3724 sequaces,
1419 3649 1468 3721 qui
1483 3650 1569 3720 caput
1581 3647 1712 3702 nostrum
1727 3643 1757 3698 et

92 3733 318 3806 wiziburgensis
333 3732 401 3806 (22),
419 3734 520 3789 lleimo
538 3734 734 3801 Virduneusis,
754 3735 901 3789 bertaldus
951 3741 1126 3814 principium
1148 3741 1332 3796 mordacibus
1353 3738 1446 3793 verbis
1467 3736 1682 3809 persequentes,
1697 3728 1756 3786 viui

91 3823 900 3896 Lcuccnsis,aliiqnequampluresnousolnmextotha·
951 3818 1755 3902 potatoremetdasmouioplcnum,qnodueiasestetiam

89 3912 127 3966 rii
140 3927 231 3983 regno
247 3927 347 3968 verum
362 3929 397 3967 ex
412 3912 493 3968 omni
516 3912 680 3978 Germania,
696 3927 820 3983 quorum
834 3928 900 3983 pars
950 3917 1106 3984 recordari,
1120 3932 1235 3989 semper
1249 3907 1753 3979 inclamabant-borum,iuqnam,

90 4001 204 4068 favore,
217 4001 396 4073 parstimore
410 4001 515 4056 nobilis
526 4015 669 4072 personas,
682 4001 746 4054 binc
760 4001 828 4055 inde
842 4000 901 4072 agi·
951 4007 1059 4062 similes
1069 4022 1183 4060 serrum
1194 4005 1243 4060 liei
1256 4007 1285 4059 ct
1294 4001 1526 4059 honestissimum
1536 3996 1641 4054 summi
1653 3993 1754 4066 capitis

93 4089 160 4153 tati,
175 4089 242 4144 hinc
256 4089 326 4144 inde
339 4089 509 4155 defluentes,
524 4089 606 4159 pauci
623 4089 792 4156 admodum,
803 4093 832 4143 et
848 4089 901 4162 ipsi
953 4095 1119 4151 membrum
1134 4094 1201 4165 quie
1213 4093 1249 4148 ad
1260 4089 1514 4165 qumqueconvitie
1525 4087 1562 4142 cd
1572 4082 1754 4140 irascendum

89 4177 245 4232 intersuos
256 4178 404 4250 praecipui,
416 4180 473 4232 Deo
489 4178 673 4233 dilectissimo
683 4178 856 4233 adalberoni
873 4183 901 4232 ot
953 4201 1011 4238 non
1027 4182 1171 4237 insanibat
1186 4191 1219 4248 ⁴³,
1232 4183 1368 4236 habetem
1382 4183 1411 4234 et
1435 4174 1588 4233 vecordem
1608 4171 1751 4228 dicebaut.

89 4265 177 4321 dictis
200 4267 260 4337 ojus
284 4266 449 4338 justissimis
472 4266 670 4321 testimonium
686 4267 813 4322 veritatis
826 4268 902 4322 exbi—
953 4273 1001 4326 llic
1017 4276 1114 4327 eutem
1128 4273 1229 4326 boatus
1241 4273 1270 4324 et
1284 4271 1319 4325 ad
1336 4269 1388 4324 sibi
1402 4268 1495 4322 illatas
1505 4262 1627 4336 iujurias
1642 4258 1753 4332 patient

79 4356 208 4420 tentes,
225 4362 360 4424 egerunt,
373 4358 402 4410 ut
419 4355 495 4410 inter
505 4372 603 4410 serum
618 4357 779 4427 falsumque
790 4339 899 4410 discidii
953 4377 1013 4414 csse
1040 4359 1190 4426 didicerat,
1211 4363 1241 4414 et
1268 4358 1448 4414 subditorum
1474 4349 1689 4410 kalamitatibus
1713 4344 1753 4402 sic

89 4448 121 4498 et
136 4442 288 4497 discordias
305 4459 364 4498 uon
381 4444 493 4499 modica
507 4444 676 4515 disceptatio
701 4447 792 4512 lieret,
811 4463 897 4518 qnam
912 4483 937 4542 D
952 4465 1069 4520 semper
1083 4448 1181 4504 adesse
1197 4449 1361 4514 festinabat,
1373 4450 1404 4501 nt
1416 4461 1514 4500 rerum
1525 4437 1753 4514 oportunitatem

85 4533 179 4587 etium
194 4531 255 4604 ipse
279 4547 328 4586 rex
343 4535 464 4587 omnino
480 4532 581 4587 sedare
597 4550 656 4588 uon
670 4534 776 4605 potuit;
794 4549 893 4589 verum
951 4538 1131 4610 praestolans,
1145 4537 1280 4592 omnibus
1294 4535 1396 4592 omnia
1408 4534 1511 4599 lactus,
1522 4527 1626 4586 sanctis
1638 4538 1753 4596 semper

85 4621 145 4675 nisi
156 4621 349 4676 essetdornini
362 4625 390 4675 et
399 4622 640 4692 pontificisnostri
650 4622 895 4678 Adulberonisin·
949 4625 1089 4694 subditus,
1114 4642 1184 4698 erge
1199 4627 1290 4680 malos
1311 4628 1343 4679 ut
1361 4622 1596 4678 converterentur
1611 4615 1647 4672 ad
1662 4611 1755 4670 corri-

84 4709 296 4779 comparebilis
307 4709 625 4774 nobilitas,lur01·cecus
636 4711 895 4766 etiusaniarniscra
950 4715 1079 4785 gendum
1099 4718 1129 4769 ct
1153 4713 1345 4769 exortandum
1367 4711 1478 4767 assidue
1493 4709 1680 4781 praeparatus,
1695 4701 1752 4758 ire·

82 4813 174 4852 arina
186 4798 273 4852 etium
286 4801 398 4871 telaque
412 4801 605 4870 corripuisset,
617 4801 693 4854 etad
705 4801 892 4856 homicidium
951 4807 1074 4874 quentcr
1088 4821 1138 4857 sua
1150 4802 1329 4874 benignitate
1344 4802 1453 4857 tructus
1472 4798 1526 4854 sibi
1544 4813 1578 4853 cx
1597 4803 1752 4868 pravorum

82 4901 180 4958 usque
194 4886 243 4940 ires
257 4887 485 4944 commotionem
501 4890 665 4960 pertingere
681 4890 858 4962 contigisset.
952 4891 1138 4946 conversione
1155 4891 1336 4964 adquirebat,
1351 4893 1381 4945 et
1395 4889 1507 4944 lucrum
1521 4904 1555 4943 ex
1566 4885 1688 4961 pecunia
1699 4882 1753 4940 sibi

760 5041 876 5096 tantu
892 5041 1091 5098 Lectiones.

121 5171 149 5206 ¹⁸
164 5180 204 5222 m.
216 5181 243 5218 o.
261 5181 285 5219 c.
298 5169 324 5222 2.
342 5167 367 5220 3.
381 5176 405 5208 ¹⁹
421 5167 567 5239 girbergia
585 5183 655 5224 corr.
682 5169 813 5240 gibergiu
831 5173 854 5224 l.
879 5179 903 5213 ⁸⁰
931 5169 1080 5226 ruathildis
1102 5173 1128 5228 2,
1150 5179 1172 5214 ³¹
1192 5171 1326 5227 coraradis
1337 5176 1362 5226 l.
1388 5179 1411 5213 ³²
1426 5189 1475 5226 rex
1488 5174 1513 5227 l.
1526 5175 1553 5227 2.
1566 5175 1591 5226 3.
1617 5177 1640 5210 ⁸³
1654 5167 1706 5222 scis
1722 5171 1750 5224 3.

80 5245 108 5280 ⁸⁴
127 5236 350 5318 mossellamque
362 5243 388 5293 2.
403 5246 426 5280 ⁸¹
439 5241 584 5294 vuultcrus
600 5245 625 5296 2.
643 5243 668 5294 3.
693 5249 718 5321 ³⁸.
733 5236 870 5310 notgerus
890 5245 916 5296 2
931 5243 957 5298 3.
990 5249 1013 5284 ⁸⁷
1029 5242 1123 5322 patria
1137 5243 1282 5324 proprisi
1305 5245 1331 5298 3.
1357 5249 1380 5285 ⁸⁸
1393 5243 1552 5324 uernulas-3
1568 5249 1591 5282 ³⁹
1606 5240 1751 5319 vacluentis

82 5313 117 5434 ¹3u
120 5313 243 5434 82112ξέὴὲ
245 5382 255 5434 ι
263 5312 296 5434 22
306 5313 332 5365 3.
346 5317 368 5352 ⁴¹
392 5325 507 5366 seruum
522 5315 548 5367 2.
564 5314 590 5366 3.
602 5321 625 5354 ⁴²
638 5313 767 5382 poetrica
781 5317 807 5367 2.
831 5313 953 5368 loutdex
972 5316 998 5370 3.
1016 5320 1038 5355 ⁸³
1053 5314 1215 5370 rasanmbat
1228 5331 1300 5384 corr,
1317 5315 1463 5372 insanibat
1478 5317 1502 5370 l.
1522 5309 1667 5368 scandet
1679 5325 1749 5365 cerr.

865 5482 975 5539 NOTAE.

137 5601 185 5666 22)
200 5597 446 5656 wormaticiensis
463 5605 530 5658 tunc
545 5603 720 5672 liurlmrdus‚
733 5607 952 5678 Argentincnsis
972 5605 1166 5664 Werinbarius
1185 5609 1256 5664 crat.

139 5669 181 5732 cst
195 5671 215 5729 l.
233 5687 259 5728 o.
276 5671 522 5746 Wirziburgensis.
