4022 6188
206 370 274 432 laet
834 371 1015 432 sasamon
1033 371 1099 450 'dill-
1114 370 1217 434 PAPAE
1798 375 1879 436 {508

202 493 234 547 et
247 489 397 549 scriniarii.
412 491 485 550 Data
499 492 584 550 tertio
606 493 672 549 Idus
694 492 787 552 Martii
807 510 860 568 per
883 509 1003 550 manum
1014 495 1042 556 Α
1055 491 1173 550 Domini
1182 491 1273 550 nostri
1280 493 1345 550 iesu
1355 488 1470 561 Christi,
1481 488 1667 565 aeterncignc
1677 505 1874 552 concreman-

204 579 303 636 domni
319 579 522 638 Grcmbosonis
536 582 661 654 episcopi
675 587 703 639 et
715 582 925 640 bibliothecarii
939 599 1006 637 san·
1056 581 1136 638 dum.
1145 581 1294 654 Simulque
1304 585 1333 637 et
1343 581 1374 638 in
1383 581 1711 654 voraginctartareoque
1721 583 1809 640 chaos
1820 585 1876 639 de·

202 668 1007 746 ctueapostolicaesedis‚auno,Deopropitio,pontiilcatus
1055 686 1167 725 mersus
1181 687 1247 725 cum
1263 670 1360 742 impiis
1372 669 1496 726 deficiat.
1527 669 1582 734 Qui
1607 686 1673 726 vcro
1697 671 1746 743 pio
1759 671 1877 728 intuitu

203 752 304 810 domni
319 755 466 813 Benedicti
480 758 651 815 sanctissimi
666 759 757 814 octavi
773 775 866 832 papae,
889 758 1006 814 sedente
1056 758 1197 825 custodes,
1209 761 1237 814 et
1252 759 1449 814 observatores
1471 758 1557 830 hujus
1583 760 1690 813 nostrae
1711 759 1876 816 salutiferae

202 857 279 898 anuo
297 845 435 914 meando,
451 844 608 904 indictione
623 847 901 906 duodecimamcnse
915 845 1006 904 ltartii
1055 845 1256 918 preceptionis
1272 845 1444 915 exstiterint,
1459 845 1669 903 benedictionis
1682 847 1876 918 gratiamcoe-

203 929 249 985 die
264 931 445 994 duodecima.
1055 933 1190 1009 testisque
1205 934 1415 1002 retributionis,
1431 951 1464 990 ac
1483 937 1592 990 eterna
1615 933 1721 1006 gaudia
1743 935 1781 990 ab
1803 934 1872 1007 ipso

371 1086 376 1092 ,
579 1030 625 1086 xl,
1052 1023 1148 1095 judice
1164 1021 1288 1079 llomino
1304 1024 1362 1079 llao
1382 1025 1482 1078 nostro
1497 1021 1636 1094 consequi
1649 1025 1830 1078 mereantur.

253 1107 396 1172 Benedicti
413 1114 485 1172 VIII
500 1135 580 1192 pape
589 1117 764 1190 privilegiam
772 1132 824 1189 pro
838 1113 958 1172 Ecclesia
1092 1110 1237 1185 Scriptum
1250 1126 1303 1183 pcr
1317 1126 1422 1166 manns
1435 1109 1581 1165 Benedicti
1594 1108 1698 1166 notarii
1711 1112 1740 1164 ct
1748 1109 1874 1167 scrinia·

500 1189 723 1246 Pssderbt'mfflit'·
1056 1200 1093 1259 rii
1105 1201 1211 1256 sanctae
1226 1199 1363 1258 Romanae
1379 1197 1511 1254 Ecclesiae
1521 1196 1660 1258 inmense
1667 1197 1782 1268 liartio,
1795 1197 1873 1254 indi-

502 1279 596 1344 (Assno
611 1277 702 1351 1014).
1060 1289 1154 1346 ctione
1169 1306 1218 1346 ru.

256 1361 403 1434 [Sensim
417 1364 521 1420 annal.
536 1364 701 1423 Puderbore.
717 1369 790 1421 tom.
806 1365 828 1434 l,
844 1380 873 1437 p.
884 1363 959 1435 toa]
1093 1378 1171 1433 3011„
1184 1377 1286 1434 valete,

238 1448 405 1507 Bnnnorcrus
419 1451 578 1525 episcopus,
602 1469 700 1508 servus
726 1469 874 1509 servorum
887 1450 948 1519 Dei,
965 1450 1007 1507 di·
1435 1465 1491 1523 gn,

202 1535 277 1592 lecto
292 1537 322 1594 in
338 1539 461 1595 Domino
474 1538 694 1597 fllioliruwsnoo
706 1541 862 1597 venerabili
874 1539 1008 1613 episcopo
1057 1554 1219 1612 Benedictus
1227 1571 1302 1626 papa
1321 1553 1545 1611 vulcanalium
1561 1551 1766 1610 flaccinianom
1782 1569 1870 1625 nuper

205 1624 485 1684 Pathorbrunnensis
503 1629 645 1699 Ecclesia,
667 1629 781 1703 suisque
800 1629 1008 1687 successoribus
1092 1659 1147 1698 (ηρ
1158 1647 1341 1714 recuperatum
1352 1643 1510 1698 monasterio
1529 1640 1657 1712 farsensi
1674 1641 1830 1712 confimat.

204 1711 429 1785 inperpetuum.
1357 1731 1454 1801 (anno
1470 1728 1562 1802 ltili.)

241 1801 431 1872 Desiderium,
443 1806 521 1877 quod
538 1808 576 1863 ad
590 1806 758 1881 religiosum
772 1807 964 1880 propositum,
980 1809 1044 1876 etss
1183 1821 1346 1892 fflnmom,
1364 1819 1466 1890 διῆρε.
1479 1817 1557 1887 leat,
1574 1818 1608 1882 ll,
1618 1834 1648 1886 n,
1664 1819 1741 1878 cla]

206 1893 374 1947 sanctorum
400 1893 532 1950 locorum
546 1895 731 1952 stabilitatem
749 1895 896 1969 pertinere
910 1911 1010 1952 mons-
1095 1911 1263 1967 gggssmcws
1277 1908 1437 1981 episcopus,
1452 1923 1548 1962 servus
1566 1922 1715 1964 serrorum
1731 1909 1794 1964 Dei.

206 1978 311 2046 tratur,
332 1978 394 2035 sine
407 1980 503 2054 aliqua
515 1985 624 2050 nostre,
647 1985 705 2039 Deo
725 1988 852 2052 auctore,
872 1983 1009 2039 dilatione
1095 1998 1235 2056 Convenit
1251 1994 1804 2069 apostolicomoderamine‚0m,1gitur
1816 2013 1870 2053 uo·

204 2065 424 2137 Pffl'flcissssdum,
451 2072 479 2124 θῑ
498 2071 610 2144 (Ιῠῡῑῑθδ
624 2071 654 2126 in
677 2071 849 2144 quibusdum
863 2071 1009 2145 ejusmffi·
1059 2091 1122 2144 tum
1137 2103 1198 2142 csse
1224 2086 1354 2140 volumus
1378 2082 1512 2140 omnibns
1533 2083 1666 2140 fidelihus
1695 2087 1804 2140 sancta
1819 2085 1871 2142 ilci

202 2153 310 2210 tatibus
339 2160 470 2214 nostrum
497 2175 645 2216 assensum
671 2163 701 2216 et
723 2161 814 2216 solitae
846 2161 1010 2234 apostolicae
1060 2173 1402 2248 3001051ae‚praesenlibus
1423 2171 1529 2227 scilicet
1544 2173 1629 2242 atque
1643 2172 1760 2236 suturis,
1778 2174 1872 2245 quffi.

204 2242 384 2302 θῑῑθῑθῖῑῑᾶῑῑθ
407 2247 534 2318 ⁰¹P⁰⁵⁰st
543 2249 759 2320 llraeiidiumsid
767 2250 872 2305 1¹⁰&ae
880 2247 1012 2321 bissigni·
1060 2267 1105 2319 ter
1130 2279 1183 2318 nos
1207 2261 1303 2317 divino
1327 2277 1427 2316 amore
1456 2259 1589 2315 illustrati
1612 2260 1650 2315 oh
1676 2261 1872 2316 reverentiam

204 2331 270 2388 tatis
290 2330 465 2391 intuituros
487 2337 620 2392 convenil
649 2338 811 2406 subvenire,
841 2338 870 2393 et
887 2337 942 2394 rati
957 2353 1011 2408 pro
1060 2353 1167 2406 ganctae
1180 2349 1231 2405 Dei
1244 2348 1394 2405 Genitricis
1408 2363 1579 2419 semperque
1594 2347 1713 2419 virginis
1724 2349 1874 2416 hierimot

204 2417 319 2494 integra
333 2421 485 2479 securitate
500 2440 534 2478 ex
546 2423 659 2480 ratione
682 2424 816 2492 wiliare,
842 2429 875 2480 ul
902 2442 936 2480 01
957 2425 1013 2480 11⁰ss
1061 2415 1231 2510 petitionem
1241 2437 1441 2509 gloriosissimi
1451 2435 1502 2492 lllii
1511 2435 1875 2508 nostriimperatorisiien-

205 2506 272 2578 ipsis
292 2509 502 2564 venerabilibus
524 2510 594 2565 locis
619 2511 694 2566 salus
707 2513 737 2566 et
757 2511 932 2566 indemnitas
944 2527 1012 2584 pro·
1060 2526 1113 2583 rici
1127 2525 1236 2581 domini
1252 2525 1354 2593 nostri,
1368 2524 1494 2580 domjnae
1518 2523 1665 2579 amatricis
1680 2523 1802 2596 virginis
1818 2526 1873 2581 ug.

205 2593 331 2666 tligetur‚
340 2599 369 2649 ct
377 2595 460 2652 nohis
469 2613 583 2670 quoque
594 2598 664 2654 lucri
672 2598 851 2672 potissimum
858 2599 1012 2671 praemium
1061 2613 1112 2670 riae
1133 2612 1321 2682 monasterio,
1346 2612 1424 2685 quod
1448 2611 1593 2667 diciturin
1609 2611 1756 2684 Phnrpha,
1771 2614 1873 2668 castel-

206 2681 396 2738 aGonditore
410 2683 542 2740 omnium
558 2686 616 2741 ileo
631 2685 662 2741 in
678 2687 795 2744 sidereis
814 2686 926 2744 arcibus
938 2703 1012 2760 prae·
1062 2704 1124 2759 lum
1137 2700 1353 2770 paccinianum,
1370 2701 1448 2772 quod
1462 2715 1555 2772 nuper
1573 2699 1719 2770 perditum
1734 2700 1872 2768 habebat,

210 2768 360 2826 williams-
377 2771 468 2844 lditlff
485 2773 553 2847 (Ιῑῑῑ8
567 2775 730 2846 Ρθθῑῑὼὶθῑἰε
744 2791 761 2829 ⁸
775 2775 859 2831 ¹1⁰bi⁵
873 2778 1013 2848 (luam-‘¹
1063 2788 1297 2862 reacquisivimus
1311 2787 1348 2843 ad
1363 2803 1434 2860 opus
1448 2789 1477 2842 et
1489 2787 1646 2842 utilitatem
1661 2786 1793 2860 praedicti
1807 2804 1874 2844 mo-

137 2901 141 2922 ,
207 2857 449 2916 confirmaremus
461 2864 489 2917 ct
514 2863 669 2935 apostolica
694 2863 864 2919 auctoritate
877 2864 1013 2920 corroho·
1062 2876 1180 2934 „asterii
1190 2875 1395 2949 perpetualiter
1408 2890 1641 2948 permansurum,
1652 2873 1780 2930 ,immin
1787 2875 1871 2932 Sabi.

206 2962 339 3006 caremus
353 2952 410 3005 tuae
425 2950 557 3007 Ecclesiae
569 2951 680 3025 tibique
687 2955 717 3008 et
737 2952 945 3009 successoribus
958 2953 1014 3008 tuis
1063 2965 1145 3021 nansi
1156 2964 1295 3021 comitatu
1312 2963 1421 3019 Deinde
1433 2962 1562 3036 predicti
1574 2962 1744 3018 monasterii
1754 2979 1877 3020 senem-

208 3051 331 3109 quaeque
349 3054 402 3109 pro
421 3038 623 3113 redemptione
648 3039 812 3097 animarum
836 3057 953 3098 auarum
978 3042 1014 3097 ab
1062 3054 1127 3110 bilis
1142 3055 1223 3124 Hugo
1238 3052 1461 3109 abbasnostram
1472 3049 1543 3105 adiit
1551 3050 1753 3118 clementiam,
1765 3050 1873 3108 instau-

207 3121 441 3196 imll⁰f³t⁰rlb¹¹⁸2
456 3127 515 3183 sive
541 3127 666 3201 redibis,
693 3129 820 3198 ducibub
850 3129 1013 3196 immitibus
1027 3127 1051 3187 C
1064 3139 1319 3212 tissimisprccibus
1329 3138 1485 3210 deposcens
1494 3141 1635 3209 quatenus
1644 3154 1697 3210 pro
1708 3138 1761 3195 Dei
1770 3154 1873 3194 amore

208 3213 253 3266 vel
268 3214 305 3268 ab
317 3215 454 3271 'omnibus
466 3217 581 3290 magnis
604 3217 755 3290 parvisque
774 3217 904 3292 personia
918 3218 1016 3274 oblata
1064 3228 1226 3284 etremedio
1236 3225 1875 3299 ejusdemvenerabilismonasteriiernostrn

209 3304 286 3369 sunt,
301 3301 360 3358 sive
372 3309 562 3370 commutata,
587 3323 637 3362 seu
660 3307 760 3362 omnia
786 3324 850 3379 quae
864 3311 896 3362 tu
915 3307 1015 3364 ductus
1064 3317 1357 3392 apostolicalnrgitete
1364 3313 1522 3371 concedere
1534 3314 1723 3386 dignaremur
1733 3317 1875 3388 placitum

208 3405 309 3445 amore
323 3391 375 3447 liei
399 3392 434 3447 de
455 3394 580 3466 propriis
602 3395 657 3449 tuis
681 3395 899 3451 hereditatibus
919 3395 1015 3450 cidem
1065 3407 1094 3460 et
1105 3404 1264 3460 districtum
1287 3401 1323 3458 de
1338 3418 1433 3458 massa
1457 3399 1631 3470 Buecininni,
1658 3419 1723 3474 qum
1748 3407 1792 3458 est
1805 3405 1877 3458 ante

209 3478 368 3538 venerabili
396 3496 508 3552 spousae
533 3483 590 3536 tuce
614 3482 758 3537 contulisti
783 3483 990 3556 perpetualiter
1007 3501 1036 3553 3·
1065 3491 1143 3548 idem
1157 3491 1316 3558 castellum,
1340 3505 1407 3544 curn
1432 3487 1567 3544 omnibus
1580 3488 1767 3561 pertinentiis
1779 3490 1876 3547 cidem

210 3563 341 3620 inclinati
358 3567 491 3639 precihus
512 3568 578 3635 tuis,
593 3584 646 3640 per
659 3569 744 3642 hujus
758 3571 898 3644 privilegii
911 3571 1016 3628 seriem
1065 3595 1166 3636 massis
1179 3575 1391 3651 pertinentibus
1405 3579 1450 3632 vel
1460 3575 1668 3648 adjacentibus.
1683 3575 1772 3648 Cujus
1786 3577 1877 3650 prcci·

211 3651 1017 3735 contirmamusetcorroboramusEcclesiaetuae,tuisque
1065 3663 1877 3738 busannuentes,eidemvenerahilimonasterio,supra·

208 3742 418 3800 successorihus
428 3743 459 3800 iu
469 3749 761 3818 perpetuum‚omnia
770 3748 1016 3821 praadiacultavel
1066 3755 1200 3828 dictoque
1214 3751 1322 3820 abbati,
1338 3752 1452 3825 suisque
1465 3752 1686 3820 successorihus,
1715 3769 1834 3810 necnon
1849 3758 1878 3809 et

211 3827 329 3899 inculta,
344 3847 398 3888 nec
410 3849 469 3890 uon
494 3833 673 3909 omniaque
697 3835 723 3892 ei
747 3853 801 3911 pro
815 3838 1016 3912 redemptione
1065 3846 1170 3899 sanctae
1184 3839 1404 3913 congregationi
1414 3854 1563 3894 serrorum
1577 3839 1628 3894 Ilei
1643 3839 1755 3896 ibidem
1766 3841 1876 3914 degen-

208 3917 374 3976 animarum
388 3937 504 3977 suarum
525 3921 561 3978 ab
585 3923 809 3998 imperatoribus
833 3925 1016 3998 maximeque
1065 3932 1150 3999 tium,
1162 3930 1307 4003 praedictae
1317 3945 1418 3984 massae
1428 3927 1594 3984 Bncciniani
1603 3921 1768 3986 districtum
1778 3931 1876 4002 etpia-

209 4021 226 4061 a
241 4005 484 4066 christianissimo
504 4012 534 4066 et
558 4011 740 4068 serenissimo
755 4013 932 4084 imperatore
944 4015 1017 4070 ileu·
1065 4021 1154 4078 citum
1165 4035 1231 4076 curn
1247 4017 1380 4074 omnibus
1390 4014 1635 4089 suispertincutiis
1646 4015 1689 4071 vel
1706 4016 1877 4089 adjacentiis

207 4093 267 4152 rico
289 4097 386 4153 oblata
409 4100 487 4168 sunt,
511 4098 568 4154 sive
599 4101 629 4157 in
658 4102 853 4171 comitatibus,
880 4119 931 4158 seu
957 4104 1020 4159 ubi·
1066 4125 1100 4164 cx
1113 4107 1245 4179 largitate
1257 4105 1333 4162 beati
1350 4104 1427 4160 Petri
1455 4103 1593 4176 principis
1621 4104 1835 4175 apostolorum,
1848 4109 1878 4160 et

208 4197 322 4256 cunque
340 4185 459 4255 fuerint,
484 4203 538 4244 uec
559 4205 618 4245 non
644 4191 743 4246 omnia
764 4208 828 4265 qum
850 4209 868 4248 a
889 4192 1016 4264 regibus,
1066 4199 1172 4256 sanctae
1186 4192 1443 4266 apostolicaesedis,
1454 4192 1534 4263 cujus
1545 4191 1593 4263 jus
1608 4206 1669 4246 esse
1683 4191 1876 4263 dignoscitur,

209 4270 337 4341 ducibus,
365 4273 528 4345 comitibus,
555 4278 670 4349 magnis
709 4280 860 4354 parvisque
887 4283 1018 4352 personis
1067 4287 1221 4355 nostraque
1232 4280 1387 4355 apostolica
1401 4278 1572 4334 auctoritate
1587 4277 1776 4336 concedimus
1788 4283 1876 4354 atquc

206 4361 355 4434 jamdictas
378 4362 509 4420 Ecclesiae
532 4363 631 4420 oblata
654 4369 730 4422 sunt.
758 4367 908 4442 Similique
929 4371 1016 4427 modo
1067 4369 1273 4426 confirmamus
1286 4364 1492 4441 perpetualiter
1507 4381 1687 4433 mansurum,
1713 4367 1825 4422 scilicet
1847 4371 1878 4422 nt

206 4451 414 4508 confirmamus
424 4466 460 4507 ea
474 4451 573 4508 omnia
587 4453 651 4509 loca
665 4470 729 4526 qum
754 4457 785 4512 tu
810 4455 871 4529 ipse
896 4474 950 4530 pro
974 4477 1054 4536 req)
1067 4458 1203 4516 monachi
1213 4456 1343 4529 predicti
1357 4453 1525 4511 monasterii
1539 4452 1619 4508 omni
1634 4453 1665 4508 iu
1675 4456 1810 4526 tempore
1823 4471 1876 4528 pro

208 4537 374 4611 demptione
389 4539 494 4596 animoe
509 4542 566 4596 tuae
581 4544 610 4598 ct
630 4545 785 4614 parentum
813 4547 930 4602 tuorum
953 4547 1016 4618 Jam
1066 4545 1150 4603 nobis
1164 4546 1306 4601 delectent
1320 4544 1357 4599 ad
1371 4543 1462 4598 Deum
1472 4541 1593 4596 tundere
1603 4556 1712 4612 preces,
1726 4543 1757 4596 at
1771 4542 1879 4614 glorio.

207 4623 290 4680 dictae
302 4627 359 4682 tuoe
371 4643 484 4700 sponsae
504 4627 541 4683 de
565 4629 690 4702 propriis
715 4630 930 4690 hereditatibus
951 4651 1017 4692 con·
1064 4635 1176 4692 sissima
1189 4633 1270 4707 virgo
1285 4631 1383 4695 Maria,
1404 4633 1470 4696 etc,
1483 4628 1553 4684 sciat
1566 4644 1597 4682 sc
1606 4629 1802 4685 anathematis
1814 4630 1877 4684 rin·

207 4712 381 4783 tulisti3nec
396 4732 454 4773 non
479 4732 514 4772 ea
528 4734 592 4792 qum
612 4718 648 4775 ab
677 4718 819 4791 aliquibus
836 4728 1015 4781 commutata
1064 4725 1128 4780 culo
1141 4721 1312 4779 innodatum
1324 4735 1394 4786 esse,
1404 4720 1561 4788 ctaregno
1578 4716 1628 4772 ilci
1637 4716 1779 4772 olieuum.
1795 4719 1878 4774 msu-

207 4806 284 4860 aunt.
305 4803 468 4862 Statuentes
491 4807 649 4879 apostolica
673 4823 794 4863 censura
816 4809 868 4866 sub
893 4813 1012 4868 anathe-
1063 4827 1115 4886 per
1124 4814 1153 4867 ct
1163 4808 1390 4880 compositurum
1401 4821 1431 4860 se
1441 4803 1512 4858 sciat
1523 4803 1586 4860 auri
1597 4801 1699 4876 optimi
1709 4804 1800 4860 libras
1808 4822 1877 4862 cen-

207 4891 294 4950 matis
304 4890 518 4961 interdictione,
535 4897 566 4949 nt
579 4893 649 4952 nulli
663 4913 791 4969 unquam
807 4914 923 4970 magnae
947 4916 1015 4972 par·
1063 4903 1137 4968 tum,
1152 4897 1339 4954 medictatem
1353 4895 1383 4949 in
1399 4893 1579 4948 sacrosancto
1593 4891 1782 4948 iateranensi
1796 4895 1878 4966 pala·

207 4997 309 5055 vesque
321 4995 452 5054 personae
466 4980 552 5037 licent
580 4987 681 5040 contra
705 4985 760 5042 hoc
787 4989 918 5043 nostrum
944 5005 1015 5061 apo·
1065 4987 1118 5054 tio,
1134 4984 1357 5041 ctrnedietatem
1372 4982 1402 5036 in
1414 4979 1577 5052 supradicto
1592 4981 1784 5036 monasterio.

209 5070 343 5128 stolicum
364 5071 543 5141 preceptum
568 5071 716 5142 insurgere
740 5074 783 5131 val
810 5076 965 5138 contraire.
985 5077 1016 5133 Si
1103 5075 1247 5146 Scriptum
1262 5089 1314 5146 per
1330 5087 1433 5127 manus
1445 5068 1522 5124 Petri
1543 5067 1695 5136 scriniarii,
1712 5069 1821 5124 notarii
1833 5073 1878 5125 at-

209 5157 273 5235 qnis
282 5155 694 5232 nutem,quodnonoptamns,
705 5162 860 5219 temerario
871 5179 1017 5220 cusucon-
1067 5180 1123 5239 que
1136 5159 1296 5234 regionarii
1308 5162 1415 5216 sancte
1427 5157 1568 5213 Romanae
1579 5156 1721 5225 Ecclesiae,
1738 5157 1770 5212 in
1780 5158 1878 5214 biensa

208 5249 255 5303 tra
266 5246 351 5321 hrajos
363 5248 467 5303 nostrae
477 5243 679 5318 preceptionis
686 5250 961 5321 apostolicaeserlem
969 5252 1017 5325 pie
1067 5251 1199 5324 angusti,
1216 5248 1316 5306 indict.
1331 5265 1380 5305 ιιι.

210 5333 323 5391 anobis
337 5334 551 5406 promulgatam
571 5331 668 5390 venire
694 5348 726 5388 ac
753 5350 839 5406 agere
851 5338 1016 5408 tentaverit,
1105 5341 1181 5394 liena
1195 5338 1297 5395 valete.

210 5419 281 5477 aciat
295 5437 325 5478 aa
337 5421 453 5478 Domini
466 5419 557 5478 nostri
572 5419 768 5494 apostolorum
782 5423 919 5497 principis
940 5427 1017 5483 Petri
1105 5429 1167 5484 Dat.
1184 5442 1218 5493 ιι
1237 5424 1298 5480 Kal.
1315 5421 1433 5495 Augusti
1446 5438 1498 5496 per
1520 5437 1641 5478 manum
1655 5421 1769 5476 domini
1780 5423 1876 5495 gratia

210 5509 405 5566 anathematis
417 5509 530 5566 vinculo
549 5509 720 5567 innodatum
736 5513 765 5564 et
778 5526 845 5566 cum
860 5512 974 5570 diabolo
986 5517 1016 5572 ct
1068 5513 1185 5572 Bosonis
1198 5510 1694 5585 episcopietbibliothecariisanctae
1707 5511 1873 5580 apostolicas

211 5596 273 5670 ojus
282 5596 466 5656 atrocissimis
476 5597 602 5674 pompis,
612 5601 698 5672 atquc
710 5599 857 5654 cumlnda
866 5600 1013 5674 proditore
1057 5604 1143 5668 cedia
1153 5601 1316 5672 bonadico
1326 5599 1463 5673 propitio,
1476 5599 1662 5672 pontificatus
1672 5597 1872 5658 domuimus-
