3944 6186
721 446 729 470 ·
846 417 1392 549 manutenementum
1834 443 1888 504 sm

352 574 1154 846 ’00000οΕ
1220 663 1820 846 0ΕοοΕΝο10

867 961 988 1003 vinantis
1016 963 1158 1004 IIIIIIBEGOE
1192 963 1221 1004 IN
1249 965 1357 1018 000010,

650 1097 787 1160 Auctore
814 1095 859 1177 (ut
886 1095 1024 1180 uidetur)
1052 1097 1229 1164 Hnnluuno
1256 1093 1554 1165 absterserunt.

284 1231 588 1309 (apsentissume
603 1229 658 1287 SS.
667 1229 769 1285 ordinis
781 1227 813 1286 S.
824 1228 938 1299 Beue„
955 1229 1025 1287 Scae.
1038 1231 1083 1301 111,
1095 1234 1170 1303 part.
1187 1245 1206 1302 1,
1219 1248 1286 1304 pag.
1302 1235 1345 1302 00,
1352 1247 1386 1289 aa
1397 1247 1446 1286 ms.
1463 1229 1520 1286 cod.
1536 1236 1560 1284 et
1568 1227 1717 1285 Februario
1730 1227 1894 1302 uenum.)

839 1442 1137 1514 OBSERVATIO
1176 1445 1291 1514 PRAE
1299 1451 1395 1516 VIA.

320 1547 403 1616 Hono
413 1565 513 1618 sanotae
528 1555 666 1614 Bertcudis
677 1573 722 1610 seu
744 1551 880 1610 Belteudis
898 1555 989 1612 Vitam
1001 1553 1084 1614 edidit
1101 1558 1285 1630 0000001000,
1302 1568 1326 1614 et
1338 1560 1534 1616 commentariis
1546 1559 1687 1616 illustrauit
1695 1559 1800 1616 tamnu
1813 1557 1893 1612 bottas·

285 1629 344 1698 000,
370 1631 539 1701 euruderuque
563 1629 655 1683 tribuit
677 1630 785 1682 auctori
805 1643 950 1697 anonymo,
974 1629 1022 1699 qui
1044 1623 1138 1683 saecuto
1160 1646 1187 1684 xl
1202 1633 1309 1686 0000000.
1324 1629 1470 1701 Prolopum
1482 1635 1557 1686 nocti
1568 1647 1659 1688 summ
1672 1649 1703 1686 cs
1721 1629 1820 1703 quodum
1831 1625 1892 1683 00000

284 1719 368 1757 mauu
381 1700 520 1771 descripto,
535 1702 625 1772 inquo
639 1701 755 1754 auctoris
769 1713 865 1753 nomeu
877 1702 967 1768 primu
982 1699 1117 1754 duntaxat
1131 1697 1221 1754 littere
1233 1699 1273 1756 Η.
1287 1703 1457 1756 decurtatum
1478 1705 1618 1774 reperitur.
1635 1699 1788 1772 Hertprrurn
1804 1695 1894 1754 ottetcn

285 1771 440 1827 Lubtensem
459 1773 632 1842 interpretor.
649 1770 694 1824 cui
715 1770 874 1839 cooperturae
888 1770 963 1839 fouet
986 1778 1042 1823 tum
1062 1770 1190 1840 Hcs-iperi
1199 1780 1274 1840 atos,
1290 1773 1610 1845 tumtt'tutuss‘uprotopo
1622 1771 1895 1844 “prorumpebatur

283 1859 311 1898 sc
333 1843 544 1898 monachorum
560 1840 744 1896 bobiensium
775 1839 911 1894 ultimum
937 1843 1049 1908 [otetur.
1065 1841 1194 1896 Auctoris
1218 1854 1283 1900 atus
1305 1844 1665 1914 petitureeuomiuedncis
1684 1842 1894 1913 tabularum,

283 1913 358 2038 paud
369 1919 481 1984 usurpat
493 1927 567 1966 num.
583 1915 598 1966 3
614 1909 857 1981 (Lothariensium
871 1927 967 1964 nornen
979 1917 1096 1966 verteme
1118 1911 1212 1968 secuto
1226 1930 1253 1968 rx
1268 1913 1300 1968 ob
1312 1915 1474 1969 Lotturium
1487 1932 1575 1986 sepem
1600 1915 1691 1970 audiri
1715 1919 1823 1984 coptum,
1838 1911 1895 1964 sinu

307 1983 527 2054 otharingorum
541 1981 698 2038 vocobulum
713 1980 859 2048 auditum).
876 1979 1024 2051 Hers'qerus
1035 1999 1105 2050 occo,
1117 1987 1226 2039 testante
1236 1991 1420 2040 continuatore
1432 1981 1558 2042 Chronica
1581 1983 1659 2054 000,
1683 1981 1808 2040 Futcsiuo
1831 1977 1894 2036 abiet

282 2055 403 2111 mucescit
415 2067 485 2108 nuno
499 2051 563 2120 000,
583 2059 702 2108 mortulo
712 2067 782 2106 onno
804 2053 883 2117 0007,
897 2050 985 2106 curus
999 2053 1101 2123 inperiti
1113 2055 1158 2110 sui
1174 2057 1340 2110 monimentis
1351 2055 1447 2110 ibidem
1461 2057 1605 2114 recensitis.

850 2271 1083 2342 PROLOGUS
1110 2271 1341 2342 lucrosus

317 2415 342 2467 l.
354 2411 479 2468 Domino
490 2414 519 2467 et
529 2409 682 2466 amicosne
693 2409 886 2477 (tanseunti,
896 2407 1085 2466 Lohienslum
1100 2409 1279 2478 Aluutatem
1292 2407 1434 2479 faciendi,
1455 2407 1556 2467 00000
1572 2411 1751 2467 uoluntatem
1765 2417 1846 2465 meum
1857 2418 1898 2460 000

280 2500 493 2556 monachornm
501 2497 629 2565 ultimus,
639 2510 706 2553 cum
714 2496 847 2552 00000000
859 2497 1002 2552 incoelesti
1010 2497 1089 2552 curia
1137 2497 1225 2554 habui
1233 2495 1545 2572 exemplar.Vosigitur
1553 2497 1653 2572 legere
1664 2497 1897 2571 stretegeucmu

277 2589 440 2645 laureatum
452 2585 597 2643 incedere.
608 2585 672 2643 Scio
684 2599 732 2640 ma
742 2585 841 2641 lauisse
852 2583 961 2640 tardius
973 2589 1002 2640 et
1013 2583 1086 2640 desi·
1138 2587 1170 2641 ut
1179 2586 1265 2659 ipsius
1278 2583 1404 2659 Vlrginis
1413 2588 1498 2644 bona
1512 2587 1737 2644 conversationis
1747 2583 1858 2656 exemplo
1868 2579 1898 2634 ir·

279 2675 475 2749 uiosiusquou
487 2673 566 2732 vobis
581 2674 690 2730 dudum
703 2674 907 2746 promiseram,
921 2671 1082 2730 sedtamen
1137 2674 1247 2743 structi,
1266 2689 1333 2731 cum
1350 2675 1457 2748 ipsein
1483 2675 1592 2734 coelesti
1616 2687 1707 2750 regno
1724 2673 1834 2748 gaudere
1855 2683 1899 2742 pos·

276 2763 453 2840 parcendum
471 2767 514 2822 est
528 2762 634 2821 emico.
644 2763 704 2835 Ego
717 2761 796 2818 enim
811 2777 927 2834 semper
939 2757 1029 2817 habui
1039 2773 1086 2818 vo·
1134 2759 1206 2819 sitis.

806 2886 1131 3004 INCIPIT
1195 2897 1407 3004 VITA

312 3091 340 3144 2.
348 3087 420 3143 Cum
431 3085 538 3159 ubique
553 3082 653 3141 lldeles
663 3083 838 3140 Christicolae
849 3081 1003 3138 nafionnm
1018 3095 1081 3138 om·
1169 3088 1195 3141 0.
1211 3083 1353 3156 Tempore
1366 3083 1463 3156 itaque
1478 3084 1638 3156 [tagoberti
1653 3086 1729 3158 regis
1747 3085 1898 3140 Francorum,

276 3175 371 3244 nium,
383 3174 483 3232 conlisi
498 3175 585 3246 atque
596 3172 719 3244 protecti
732 3170 901 3244 patrociniis
916 3173 1083 3225 sanctorum
1132 3177 1216 3244 pater
1226 3171 1357 3244 ejusdem
1368 3171 1498 3245 virginis,
1510 3173 1672 3231 Odelterdus
1683 3171 1854 3242 nomine,sub
1860 3166 1899 3222 ui·

277 3264 424 3331 omnium,
434 3278 484 3318 000
493 3264 664 3316 uenerantes
675 3257 927 3315 intercessionibus
937 3273 1039 3314 eorum
1048 3253 1083 3313 de
1134 3277 1204 3332 gero
1216 3256 1287 3316 duce
1299 3259 1542 3333 Letharingorum
1557 3261 1630 3333 (496)
1641 3261 1775 3331 militans,
1785 3257 1899 3317 totiusdu·
1934 3267 1935 3299 l

278 3353 349 3408 coelo
359 3349 506 3423 postulent
521 3348 668 3414 auxilium,
678 3351 706 3402 et
721 3361 823 3402 eorum
835 3347 1001 3400 sanctornm
1011 3361 1084 3416 quo·
1135 3351 1215 3404 catus
1225 3347 1362 3404 exercitui
1371 3351 1506 3421 00000000,
1520 3353 1610 3423 atque
1620 3367 1680 3426 0000
1691 3349 1794 3409 ceteris
1803 3340 1899 3421 ipsiiuti
1933 3349 1934 3409 l

279 3445 345 3494 rum
356 3437 387 3492 ln
398 3435 529 3491 suislocis
539 3431 1014 3508 pignorahabentnrreverentiam
1024 3447 1086 3488 ma·
1136 3435 1500 3510 adnatansfamilisrique
1513 3439 1645 3496 amicitie
1658 3441 1812 3514 perfruens,
1826 3433 1898 3490 000000
1932 3463 1933 3517 p

276 3523 350 3604 juris
359 3521 883 3590 001000000000000000000000000οο0
892 3521 1086 3594 incongruum
1135 3523 1256 3597 provido
1265 3525 1510 3599 utiliqneccnsilio
1519 3544 1584 3600 quoe
1596 3529 1628 3585 in
1640 3527 1727 3586 domo
1734 3531 1763 3586 et
1769 3527 1796 3583 00
1805 3520 1898 3582 exercitt

281 3613 409 3669 arbitror
420 3611 504 3684 hujus
516 3611 647 3684 vlrginis,
663 3610 743 3681 cuius
753 3610 921 3682 patrociniis
934 3625 1086 3681 possumus
1136 3611 1211 3669 illius
1219 3613 1347 3686 gerenda
1353 3613 1790 3688 erantdisponebat.b'uitautem
1797 3607 1898 3688 0000000
1931 3569 1932 3627 I

281 3701 359 3775 apud
372 3703 462 3756 Deum
487 3699 613 3774 protegi,
631 3699 806 3754 memoriam
820 3698 1007 3770 promodulo
1023 3698 1087 3770 styli
1137 3701 1212 3757 illius
1226 3700 1381 3759 Humtertts
1390 3702 1439 3764 [01.
1457 3701 1631 3776 Grimbcrgls]
1642 3710 1672 3763 et
1683 3711 1782 3762 ascum
1792 3703 1833 3766 [st.
1844 3693 1898 3753 0001
1930 3673 1931 3737 I

281 3788 409 3858 humilis,
420 3787 569 3862 verbisque
579 3785 792 3860 licetimpolitis
802 3785 986 3855 retexerc,ad
995 3795 1124 3856 exem-B
1138 3791 1208 3843 iuter
1221 3787 1379 3844 Bruucttom
1392 3797 1418 3846 et
1431 3789 1579 3861 Atostuml,
1596 3796 1714 3850 castelle
1725 3795 1792 3862 duo;
1807 3797 1897 3864 quorun
1929 3771 1930 3847 I

281 3878 346 3952 plur
359 3877 424 3934 vitae
433 3876 582 3950 utriusque
592 3875 772 3932 audientium
786 3874 891 3932 animis
901 3875 1089 3932 commenda·
1139 3877 1274 3945 alterum,
1292 3877 1399 3932 scilicet
1419 3881 1535 3954 000000,
1548 3881 1585 3937 ab
1600 3881 1712 3938 000000
1739 3877 1897 3938 aestuum

282 3981 327 4028 re.
342 3966 407 4021 llaec
423 3963 512 4036 igitur
536 3964 630 4037 virgo,
645 3962 788 4020 bellendis
808 3962 939 4033 nomine,
955 3963 1024 4019 licet
1045 3979 1089 4018 se·
1139 3967 1343 4022 alterumvero
1356 3969 1460 4022 nature
1481 3967 1644 4040 munitum,
1660 3969 1831 4040 miniumque
1843 3957 1898 4029 epu
1927 3963 1928 3966 ’

283 4053 411 4111 cundum
424 4053 519 4110 saeculi
540 4051 713 4125 dignitatem
733 4067 794 4108 non
806 4049 926 4121 infimis,
940 4051 990 4107 sed
1002 4048 1089 4108 totius
1139 4052 1301 4120 defensum,
1314 4052 1537 4128 iuerpugnebile
1558 4057 1697 4129 perstitit.
1712 4055 1780 4124 Quia
1797 4043 1899 4126 iginum

283 4141 367 4216 regni
384 4141 575 4198 nobilioribus
590 4143 654 4196 orta
670 4139 993 4214 parentibusmemoria
1003 4139 1088 4196 exsti·
1138 4139 1193 4195 iste
1208 4141 1269 4195 tam
1290 4155 1433 4214 generosa
1445 4144 1609 4216 propagine
1624 4159 1715 4220 quam
1729 4142 1823 4201 00000000
1841 4139 1898 4204 etque

282 4232 362 4301 terit,
378 4229 574 4288 excellentiori
597 4233 698 4286 tamen
727 4228 889 4284 reverentia
901 4245 920 4284 0
935 4229 1018 4285 nobis
1041 4245 1089 4284 co·
1139 4227 1255 4302 proediis
1269 4227 1474 4303 honorumque
1490 4229 1634 4304 tilgnitato
1649 4234 1796 4307 ampliatus
1808 4223 1898 4302 000000

283 4320 437 4390 lanstanet,
457 4334 522 4394 quae
535 4319 612 4392 epnd
627 4316 772 4374 Christum
785 4316 951 4374 venerenda
965 4315 1091 4389 refulget
1139 4317 1221 4387 (nam
1236 4333 1254 4372 a
1278 4320 1364 4389 portu
1390 4319 1648 4394 enswarpensium
1674 4339 1761 4396 nsque
1774 4316 1898 4378 coruum

286 4409 407 4478 meritis,
420 4412 449 4466 et
465 4408 591 4482 gloriose
604 4406 775 4463 castimonia
787 4405 956 4464 sanctitatis.
973 4405 1046 4461 Nam
1060 4406 1091 4461 00
1140 4401 1285 4475 (Condecls,
1312 4407 1383 4462 inter
1396 4409 1573 4479 auwerpiom
1584 4417 1611 4464 et
1623 4409 1802 4478 uersurum)
1813 4399 1899 4462 eaer-

184 4495 194 4518 '
286 4497 395 4554 caelesti
411 4513 518 4570 sponso
530 4494 737 4568 J'ucundnmin
757 4492 985 4566 suavirgimtntc
1000 4492 1090 4548 00000-
1140 4495 1203 4547 tum
1232 4493 1373 4565 regebat),
1400 4496 1528 4567 puellam
1558 4497 1778 4564 nobilissimam,
1805 4499 1898 4550 000000

286 4583 362 4642 cavit
384 4585 592 4652 habitaculum,
608 4586 638 4638 et
665 4582 769 4638 domus
792 4583 909 4636 aeternas
923 4581 988 4649 sibi,
1004 4581 1091 4637 sacris
1140 4579 1218 4636 beati
1233 4581 1377 4654 pontillcis
1397 4583 1533 4652 amandi,
1554 4585 1679 4642 nomine
1694 4587 1807 4651 Nouem,
1819 4581 1842 4635 in
1857 4587 1898 4630 m·

285 4673 427 4732 insudans
440 4671 560 4739 actibus,
586 4671 616 4726 00
638 4670 709 4726 coelo
734 4668 839 4725 locavit
853 4667 1089 4726 fundamentum.
1139 4669 1313 4726 trimunium
1327 4669 1459 4742 sumpsit.
1474 4671 1543 4728 Erat
1558 4671 1672 4732 etenim
1687 4673 1764 4748 virge
1777 4665 1852 4744 specie
1869 4657 1900 4714 1²³⁴

286 4765 350 4821 lton
366 4761 445 4817 enim
458 4759 606 4816 immerito
621 4758 683 4814 haec
692 4757 772 4832 vlrgo
783 4758 819 4813 ab
831 4755 885 4813 illis
898 4758 985 4813 debet
998 4757 1090 4816 honu—
1140 4759 1196 4816 mis
1211 4759 1469 4826 decoramentum
1488 4761 1618 4820 honestis
1632 4762 1795 4834 composite,
1806 4749 1898 4814 000010

287 4849 347 4908 rari
359 4849 463 4922 quibus
476 4851 506 4904 et
521 4848 582 4921 ipsa
600 4845 630 4902 in
645 4847 699 4902 hec
713 4847 771 4902 ulta
787 4845 1037 4918 consanguinitate
1047 4847 1091 4902 vel
1141 4847 1255 4922 pudica,
1281 4849 1340 4904 ilde
1355 4849 1497 4906 catholica
1520 4851 1661 4925 omnique
1686 4849 1808 4907 doctrine
1825 4839 1854 4898 00
1862 4849 1898 4890 ul·

288 4937 483 4995 familiaritate
498 4936 653 5008 oonjuncta
665 4935 729 5005 luit,
747 4935 790 4990 vel
803 4933 862 5007 qui,
878 4951 911 4990 er
922 4935 1093 5006 ejusparen-
1142 4951 1229 5009 guam
1242 4935 1364 4993 erudita.
1378 4935 1417 4992 Ex
1429 4937 1484 4993 hac
1503 4936 1594 5009 igitur
1607 4935 1803 5012 genuittltium
1816 4923 1898 4986 noune

287 5027 347 5086 tela
366 5025 568 5102 genealogiam
584 5024 702 5092 ducunt,
717 5025 762 5078 vel
776 5023 835 5095 qul,
851 5023 912 5094 ejus
924 5025 1011 5096 atque
1026 5039 1092 5080 me·
1143 5024 1321 5098 Eligardum,
1336 5025 1386 5099 qui
1414 5025 1445 5080 in
1466 5025 1625 5098 supradicti
1653 5025 1737 5084 castri
1749 5013 1897 5080 destrictius

284 5119 384 5193 jurum
401 5115 476 5172 illius
486 5113 637 5170 famulatui
653 5109 779 5180 obnoxii,
796 5111 940 5184 obsequiis
964 5112 1026 5184 ejus
1041 5113 1093 5168 de·
1106 5101 1130 5164 G
1144 5113 1180 5169 ab
1192 5113 1302 5168 Hunnis
1314 5113 1482 5170 interiectus
1490 5115 1555 5172 luit.
1570 5115 1678 5172 Genuit
1691 5115 1775 5172 etiem
1787 5125 1817 5164 ex
1826 5101 1898 5159 oeten

290 5208 460 5266 servierunt.
471 5202 613 5275 indigena
626 5217 754 5272 nemque
770 5199 849 5254 istius
858 5202 931 5269 (495)
940 5201 994 5256 loci
1008 5203 1094 5275 atque
1143 5202 1415 5276 conjugavirgiuem
1425 5185 1899 5276 00000000οω000000000000000·

291 5295 412 5352 demina
434 5292 499 5360 init,
516 5295 546 5346 et
559 5289 626 5346 0000
641 5291 703 5360 ejus
717 5287 896 5343 orationibus
911 5287 1000 5344 divini
1012 5290 1093 5363 adiu-
1143 5291 1393 5361 00000000000000,
1399 5305 1525 5364 persona
1534 5294 1711 5365 elegantem,
1723 5285 1841 5357 omnique
1852 5287 1901 5346 ΡΝ·

291 5383 359 5440 torii
368 5398 434 5440 rore
449 5379 584 5453 irrigatus
596 5391 712 5450 semper
722 5374 821 5431 tloruit
835 5379 865 5432 et
879 5377 1003 5434 florebit.
1143 5377 1233 5434 bitate
1242 5378 1422 5435 etindnstria
1432 5379 1621 5449 luculentum,
1636 5377 1751 5436 uomina
1763 5361 1900 5430 &flentem

327 5523 402 5596 (les)
424 5525 533 5596 Nempe
557 5515 772 5584 tubrocensis,
789 5513 867 5597 quod
882 5514 911 5570 in
928 5517 1038 5572 textum
1053 5515 1095 5573 ir·
1144 5518 1222 5574 ducis
1237 5533 1356 5574 nomen.
1375 5520 1483 5576 Auctor
1508 5520 1552 5576 sui
1575 5517 1717 5593 temporis
1734 5501 1901 5572 000000001ῑο

290 5595 380 5670 repsit
392 5593 469 5668 apud
482 5591 663 5649 Bollaudum.
674 5590 715 5645 De
726 5589 781 5644 hoc
794 5587 879 5668 00000.
1144 5593 1196 5646 est.
1219 5587 1350 5662 wigerus
1364 5589 1422 5646 dux
1444 5593 1627 5663 emalbarge
1653 5588 1767 5646 meritiis
1782 5583 1810 5639 et
1819 5571 1900 5634 00000

321 5659 1093 5746 ttttpnaudnumerattumLetharmgorumeorumve
1143 5659 1252 5718 000000
1266 5659 1385 5736 virgime
1397 5663 1482 5736 pater
1495 5663 1580 5722 000000
1592 5661 1708 5720 0000000.
