3936 6172
174 328 224 384 lna
474 312 689 376 slavns'rlnn
705 311 807 376 PaPAE
820 317 898 376 OPP.
915 309 1004 372 PARS
1019 313 1041 370 Ι.
1061 344 1096 356 -
1115 313 1161 370 DE
1176 311 1358 373 alsenam.
1373 307 1525 370 barnan.
1780 312 1835 368 lot

170 439 348 500 substantiae.
365 437 434 504 Quae
445 437 510 494 ideo
525 438 628 512 primae
643 436 787 506 dicuntur,
800 436 867 510 qnia
875 436 1012 496 rerumA
1028 432 1107 505 prius
1119 435 1230 506 aequale
1241 450 1327 506 quam
1337 433 1494 506 inaequale:
1508 429 1603 487 omnis
1616 431 1696 486 enim
1706 430 1833 506 inaequa-

166 529 315 609 principia
338 529 404 586 sint.
431 527 499 584 Sine
523 529 666 601 potestate
685 529 782 583 autem
803 543 837 582 ea
858 525 975 590 scilicet,
1028 520 1093 576 litas
1116 522 1152 576 ab
1176 521 1341 594 equalitate
1362 520 1520 579 deseendit.
1536 521 1610 592 Ergo
1627 523 1716 587 actus,
1731 519 1761 574 in
1776 537 1834 594 quo

171 621 250 696 quod
263 617 435 678 utrumlibet
450 620 557 690 potest.
581 616 692 672 (loeium
709 615 786 672 enim
807 619 836 670 ct
857 615 899 671 sol
917 629 976 668 nou
1027 611 1153 682 potestas
1177 613 1378 665 consummata
1400 612 1430 664 et
1454 603 1658 681 perlecta'est,
1685 608 1765 680 prius
1792 612 1836 662 est

170 712 292 786 possunt
307 724 365 764 uon
378 705 500 774 moveri,
516 709 545 760 et
565 705 639 778 ignis
656 722 715 760 non
732 705 836 772 calere,
864 706 893 758 et
903 717 978 774 aqua
1027 712 1116 768 quam
1128 701 1265 771 potestas,
1282 715 1345 773 quae
1369 700 1438 753 ante
1462 701 1559 753 aetum
1579 699 1660 752 curta
1686 699 1714 752 et
1729 700 1772 751 est
1783 696 1836 752 irn-

171 815 230 855 non
244 795 366 853 bumida
383 812 454 851 esse.
473 795 610 861 litavere,
629 810 693 865 quae
705 796 769 848 actu
780 795 918 848 suntcum
929 808 977 864 po.
1027 785 1241 858 perlectatquae
1257 786 1525 859 quamvistempore
1535 784 1836 858 praecesseritnatnra

172 888 287 953 testate,
301 901 336 940 ex
349 887 432 939 motu
447 881 538 937 animi
553 881 742 945 descendunt,
757 884 788 936 ut
800 896 865 936 cum
878 880 976 947 sedeo,
1027 877 1127 929 tamen
1147 876 1223 930 velut
1239 873 1335 930 minus
1350 874 1461 930 habens
1476 891 1493 929 a
1507 873 1635 945 perlecto
1650 872 1778 928 defluxit.

176 975 259 1032 motu
274 971 365 1028 animi
379 971 507 1028 adhunc
527 974 624 1026 actum
638 969 754 1038 accessi,
776 986 863 1042 quem
880 972 977 1025 actum
1062 963 1275 1030 lll.ltliave1·o,
1301 963 1406 1036 inquit,
1431 978 1581 1034 nunquam
1600 965 1668 1016 sunt
1692 964 1767 1029 actu,
1782 961 1835 1016 sed

174 1064 301 1134 potestas
322 1059 442 1116 sedendi
467 1057 626 1132 praecessit:
645 1074 705 1114 nou
728 1057 807 1113 enirn
828 1057 975 1128 sedissem,
1027 1055 1170 1125 potestate
1185 1051 1441 1107 solumlt'umerus
1450 1066 1577 1123 nemque
1584 1051 1727 1122 potestate
1736 1049 1834 1105 inlini·

175 1149 315 1222 nisiprius
326 1147 399 1204 mibi
409 1145 783 1219 sedendipotestasluisset.
794 1145 905 1201 Etcum
915 1145 976 1200 haec
1027 1145 1073 1197 tus
1088 1144 1145 1208 est;
1161 1141 1285 1197 sedeam
1298 1139 1404 1195 dixeris
1416 1138 1584 1212 quemlibet,
1598 1141 1663 1193 acta
1675 1137 1772 1194 linitus
1780 1142 1836 1193 est.

172 1240 300 1312 potestas
307 1239 440 1310 tempore
448 1235 593 1308 praeeedat
600 1237 794 1302 actum,actus
801 1238 900 1290 tamen
911 1250 976 1289 cum
1026 1231 1061 1285 Et
1071 1230 1107 1286 de
1117 1228 1361 1302 temporeeadem
1371 1228 1445 1284 ratio
1461 1232 1513 1283 est.
1529 1228 1655 1297 Tempus
1669 1225 1836 1300 enimpote-

171 1328 316 1400 potestatc
335 1327 371 1380 ab
385 1321 978 1395 Aristotelepriasessediciturquamsole
1027 1321 1099 1374 state
1113 1317 1261 1373 inllnitum
1284 1322 1340 1372 est:
1367 1315 1417 1372 sed
1441 1333 1508 1372 cum
1524 1315 1629 1371 dixeris
1645 1314 1734 1383 diem,
1750 1331 1834 1370 men-

173 1415 384 1486 potestas3qaae
397 1419 470 1476 octo,
482 1410 865 1483 inquitsantcompotestote,
875 1417 976 1465 notura
1026 1424 1099 1477 sem,
1115 1423 1236 1475 annum,
1251 1407 1294 1462 rel
1310 1405 1387 1461 alind
1403 1405 1563 1477 quodlibet,
1579 1408 1644 1460 actu
1654 1403 1768 1459 linitum
1779 1406 1834 1461 est.

165 1503 263 1574 priora
288 1507 361 1569 sunl,
389 1507 503 1572 tempore
528 1515 590 1556 nero
605 1500 826 1571 posteriorclloc
845 1498 910 1555 ideo
926 1498 975 1555 fit:
1027 1495 1168 1551 Facienda
1180 1497 1223 1550 est
1237 1493 1324 1566 igitur
1339 1494 1444 1549 horum
1454 1492 1795 1562 omniumdescriptio,ut
1805 1494 1835 1547 et

170 1589 243 1661 quia
255 1592 392 1664 potestas,
406 1605 473 1644 cum
488 1587 525 1644 sit
535 1587 652 1643 initium
667 1591 757 1656 actus,
771 1587 976 1661 imperfectum
1026 1582 1372 1657 liguraoeulissubjeote,
1389 1581 1491 1637 melius
1505 1580 1645 1656 predicta
1660 1580 1834 1639 clarescant.

172 1678 321 1752 quoddam
335 1683 392 1747 est;
415 1678 543 1750 perlecta
558 1681 656 1733 annm
674 1677 852 1748 imperfectis
878 1676 976 1748 priora
1026 1672 1057 1726 ln
1068 1672 1121 1728 hac
1132 1671 1227 1745 prima
1235 1668 1428 1742 descriptione
1443 1669 1514 1724 nibil
1525 1667 1603 1726 aliud
1614 1684 1702 1741 quem
1714 1670 1793 1723 actus
1804 1672 1836 1724 et

175 1770 252 1836 suut,
265 1770 294 1822 et
307 1783 371 1840 quae
379 1783 396 1822 a
404 1765 599 1839 generositate
606 1781 664 1820 suae
673 1767 784 1821 naturae
795 1753 1010 1838 precellunt,B
1026 1761 1177 1834 potestatis
1188 1757 1375 1832 aequirocatio
1387 1757 1604 1814 demonstratur
1613 1773 1620 1813 :
1628 1755 1775 1812 soloenim
1785 1771 1838 1811 no·

172 1857 206 1912 et
213 1855 281 1928 quia
288 1855 449 1924 utbeuitas‚
461 1857 493 1910 nt
502 1853 720 1927 virtusaequalia
727 1856 806 1911 sunt.
822 1854 869 1910 Est
877 1855 977 1909 autem
1027 1849 1107 1906 mine
1128 1847 1305 1921 participant

937 2054 1066 2194 Ροιιοεῒαε

596 2195 738 2269 posterior
752 2197 819 2250 actu
841 2201 983 2272 Γ·-
1027 2193 1170 2259 “““““·“Ι
1209 2190 1355 2262 aequivoca

822 2268 908 2321 dctus
1122 2266 1258 2334 potestas,
1274 2277 1338 2333 quae
1353 2262 1419 2314 actu
1440 2295 1521 2352 Plan)
1536 2295 1638 2352 deflui,

1129 2411 1138 2422 .
1179 2385 1240 2424 esse
1254 2368 1352 2442 possit.

961 2537 1017 2592 Res

805 2719 895 2775 genus
915 2642 947 2838 s
1031 2634 1198 2841 Nouianae

774 2847 861 2900 Actus
1049 2845 1181 2898 Potestas

776 3055 876 3112 Cicero
956 2922 1146 3127 speciesf
1169 3059 1283 3133 species

416 3128 585 3184 Ciceronem
604 2979 722 3200 species!
811 3128 848 3184 ll.
939 3127 1076 3196 Potestas,
1101 3145 1164 3200 quse

417 3199 565 3272 disputare
658 3197 840 3254 Necessarins
939 3199 1181 3273 actuessepnssit.
1219 3199 1438 3272 potestasque

1223 3275 1287 3326 actu
1303 3287 1364 3327 esse
1383 3287 1442 3327 non

943 3415 1055 3431 —
1223 3339 1322 3416 possit.

701 3503 707 3516 .
1060 3415 1199 3512 'species

681 3507 800 3577 ,ignem
816 3503 910 3561 calere
963 3506 1026 3562 Non
1041 3511 1218 3567 necessarius

1510 3164 1612 3230 Genus,
1651 3164 1711 3220 ani·

1479 3237 1539 3292 mal
1571 3238 1712 3308 potestate

1479 3306 1568 3363 homo
1588 3311 1641 3376 est,
1662 3306 1713 3363 sed

1480 3395 1631 3451 nunquam
1638 3382 1713 3435 actu.

575 3645 685 3718 sedere,
701 3649 786 3704 stare.
860 3650 1030 3722 apotestate
1105 3655 1237 3710 enatura
1309 3670 1416 3728 aquam
1430 3652 1581 3712 humidam

1394 3741 1464 3782 esse.

209 4028 245 4090 ll.
262 4025 297 4086 at
315 4026 351 4083 dc
364 4027 507 4101 potestate
523 4020 641 4099 quidem
651 4017 898 4092 manifestumest,
910 4018 1012 4097 quiec
1025 4019 1151 4080 rendum
1170 4024 1213 4080 est
1234 4040 1369 4098 quaenam
1385 4023 1422 4080 sit
1436 4026 1563 4098 potestas
1587 4023 1742 4084 Rationalis
1757 4025 1842 4082 dille-

172 4119 300 4194 potestas
314 4114 431 4171 dicitur:
447 4117 526 4172 actus
539 4129 606 4169 vero
619 4111 686 4168 ideo
700 4113 828 4183 potestas
843 4109 976 4166 nomina·
1027 4112 1144 4168 rentiae:
1162 4115 1261 4168 atrum
1276 4129 1320 4183 ea,
1334 4129 1398 4186 quae
1414 4129 1566 4186 nunquam
1581 4113 1612 4168 in
1627 4116 1725 4169 actum
1735 4114 1839 4170 venire

171 4207 231 4273 tur,
247 4203 315 4276 quia
326 4202 404 4275 quod
417 4204 471 4271 est,
486 4217 547 4257 essa
556 4203 663 4274 potest.
678 4200 778 4254 Altera
790 4215 858 4254 vero
875 4198 979 4256 descri-
1028 4199 1127 4272 possit,
1140 4217 1177 4255 an
1187 4217 1232 4269 ea,
1246 4217 1310 4273 quae
1323 4201 1458 4258 inactum
1467 4202 1566 4257 venire
1575 4193 1740 4273 contingam
1753 4202 1839 4274 quive

170 4291 232 4366 ptio
248 4289 421 4346 divisionem
436 4290 551 4362 generis
570 4287 710 4346 continet.
729 4288 785 4343 'Est
806 4287 885 4343 enim
900 4291 979 4344 actus
1028 4292 1108 4344 actus
1121 4305 1183 4344 cum
1196 4293 1349 4361 potestate,
1361 4290 1409 4363 qui
1433 4290 1463 4345 in
1479 4291 1570 4346 altera
1584 4288 1758 4357 differentia,
1771 4305 1838 4364 quos

171 4395 274 4453 genus.
290 4377 382 4449 ilarius
396 4377 505 4451 species
519 4377 674 4433 suntduae:
691 4375 863 4440 necessaria,
876 4378 906 4430 et
918 4393 979 4432 uon
1028 4379 1085 4432 est:
1100 4376 1216 4433 Ratione
1228 4380 1279 4447 uti,
1301 4377 1502 4450 proponitur?
1529 4379 1593 4433 lsne
1608 4394 1695 4451 quem
1712 4381 1839 4451 potestas

172 4467 343 4526 necessaria.
364 4467 399 4521 Et
420 4467 455 4524 de
481 4467 641 4522 necessario
666 4465 786 4538 quidem
813 4465 980 4521 dictumest
1028 4465 1183 4536 pracedat,
1200 4482 1237 4522 an
1254 4466 1278 4522 is
1295 4483 1382 4539 quem
1397 4469 1525 4538 potestas
1547 4459 1720 4522 comitetur?
1737 4467 1838 4538 Longe

173 4555 252 4630 qaod
264 4554 294 4611 in
307 4555 439 4628 supernis
453 4553 631 4621 substantiis,
646 4569 819 4626 semperque
828 4553 858 4608 in
871 4570 923 4609 sua
934 4553 978 4609 in·
996 4565 998 4572 ’
1029 4553 1108 4609 enim
1128 4553 1184 4608 alia
1202 4558 1246 4609 est
1271 4555 1346 4611 ratio
1360 4555 1511 4628 potestatis
1523 4555 1672 4628 sequentis
1685 4558 1793 4625 actum,
1810 4562 1841 4612 et

172 4645 308 4719 tegritate
320 4644 507 4701 manentibus
517 4642 693 4700 inveniatur.
710 4642 773 4697 Non
784 4641 979 4698 necessarium
1029 4643 1838 4718 aliapreecedentis;tantumquehaepotestatesproprie·

173 4749 240 4791 vero
255 4733 326 4791 duas
342 4749 376 4789 ex
400 4750 430 4790 se
449 4734 558 4806 species
572 4729 683 4787 tundit:
700 4729 801 4799 altera,
818 4747 882 4806 quae
898 4747 979 4804 apo·
1029 4734 1088 4787 tate
1103 4748 1161 4787 suae
1184 4735 1294 4788 natnrec
1311 4731 1460 4804 disjunctae
1475 4737 1553 4798 sunt,
1567 4738 1599 4790 ut
1614 4734 1662 4789 ubi
1677 4735 1764 4791 luerit
1780 4751 1839 4791 ana

171 4824 276 4879 metata
289 4821 327 4879 ad
337 4824 435 4878 actum
449 4821 629 4895 pervenerit;
641 4819 744 4886 altera,
755 4835 819 4891 quac
829 4835 888 4875 non
904 4835 980 4892 apo·
1030 4837 1089 4876 non
1098 4819 1188 4893 possit
1197 4836 1258 4876 esse
1269 4821 1369 4876 altera.
1377 4822 1452 4894 Ergo
1464 4826 1507 4877 est
1516 4822 1546 4878 in
1555 4823 1641 4878 rebus
1651 4823 1839 4880 mutabilibus

172 4906 980 4984 testate,sedasubsisteudi,naturainactnproruperit.
1029 4910 1166 4981 potestas,
1191 4923 1255 4981 quae
1276 4912 1394 4965 vocatur
1424 4910 1594 4967 utrumlibet
1617 4912 1784 4983 praecedens
1809 4917 1840 4966 et

102 5025 105 5032 ·
174 4997 204 5055 Si
217 5015 284 5056 aero
299 5015 366 5055 eam
380 4999 517 5072 speciem,
531 5013 596 5070 quae
613 5009 763 5069 nonquam
780 4997 823 5050 est
838 4997 914 5064 ectu,
930 4995 981 5051 sed
1029 4994 1215 5068 subsequens,
1233 4999 1265 5052 ut
1278 4997 1395 5070 quando
1410 4997 1508 5054 Cicero
1523 4999 1663 5069 ambulat,
1679 5003 1837 5071 antequem

170 5089 234 5145 sola
247 5091 400 5160 potestate,
416 5085 597 5160 insuperiori
613 5085 741 5142 termula
748 5083 922 5140 concludere
932 5100 979 5140 ve·
1030 5084 1839 5160 ambularet‚potuitambnlaraetnonambularezetquia

174 5176 270 5244 butas,
287 5180 318 5232 ut
339 5176 380 5232 ita
399 5175 561 5249 partiamur
579 5173 691 5231 licebit:
715 5189 815 5229 reram
839 5171 896 5228 alia
913 5173 982 5228 sant
1031 5173 1171 5238 ambulat,
1180 5175 1367 5247 consequitur
1378 5191 1445 5232 cum
1455 5176 1705 5251 ambularepossa,
1716 5175 1767 5232 sed
1777 5191 1838 5232 non

176 5266 255 5334 actu3
267 5264 322 5320 alia
337 5267 491 5336 potestate,
512 5265 608 5320 actum
627 5261 825 5335 significantes
849 5277 917 5318 enm
932 5261 982 5335 qui
1031 5278 1066 5319 ex
1078 5263 1263 5335 necessitate3
1274 5266 1372 5336 potest
1382 5265 1462 5320 enim
1476 5268 1575 5322 elnon
1587 5267 1838 5324 ambularelnra-

173 5353 238 5410 loco
252 5353 367 5426 generis
378 5353 487 5427 positus
511 5356 565 5412 est.
588 5353 765 5408 Potestatem
781 5367 848 5406 vero
864 5365 980 5408 rursum
1031 5350 1084 5407 bus
1099 5367 1165 5407 vero
1181 5353 1312 5424 supernis
1325 5359 1356 5409 ct
1367 5353 1546 5428 simplicibus
1565 5371 1663 5412 rerum
1684 5355 1838 5412 elementis

175 5442 337 5501 dividamus
350 5443 381 5499 iu
397 5458 463 5499 eam
478 5459 543 5516 quae
553 5445 619 5500 acto
633 5457 694 5498 essa
704 5441 808 5514 possit;
825 5443 854 5496 et
867 5440 898 5497 in
913 5456 981 5498 eam
1031 5442 1110 5498 nulla
1120 5443 1246 5514 potestas
1256 5442 1567 5516 reperiturqaaspossit
1581 5443 1760 5515 utrumlibet,
1781 5460 1836 5500 nac

175 5549 239 5612 quse
253 5535 545 5608 nunqnamactuassa
556 5531 656 5606 possit.
669 5529 718 5588 llis
732 5529 773 5588 ita
784 5529 893 5604 positis,
905 5547 982 5604 quea·
1031 5546 1066 5588 ea
1079 5545 1144 5604 quae
1157 5531 1295 5604 precedit
1318 5533 1425 5589 actum.
1441 5533 1518 5590 lnest
1527 5535 1625 5592 autem
1642 5549 1743 5592 eornm
1759 5534 1836 5592 actui
