4006 6178
145 397 188 453 lb'l
541 475 547 484 Ι
682 391 728 450 DE
744 390 927 450 hirsonnus
940 391 983 448 ΕΤ
997 389 1147 450 RATIONE
1160 391 1226 450 uui.
1739 398 1789 459 {58

835 519 1077 610 LECTORI

179 672 249 730 Inter
265 687 342 747 opera
353 672 481 730 Gerbirti'
487 679 634 730 recensetur
644 694 658 724 n
670 669 923 744 Rhythinomachi‘o,
933 673 1004 732 edita
1016 671 1112 746 Lepsia
1123 674 1191 730 {bib
1202 670 1252 744 sot.
1263 689 1324 730 cum
1336 676 1661 750 ptoriomiirniprinciois
1671 677 1793 750 hupusti'

152 745 380 816 luneburpensi'uni
390 745 452 816 tsicb
459 745 578 818 pseudon
600 761 643 800 mo
654 745 780 801 Gustanii
792 744 894 815 Setini)
907 744 983 800 tibris
996 752 1111 818 quatuor
1124 743 1156 800 de
1168 745 1229 801 ludo
1241 744 1429 804 Scacchoriim.
1441 769 1456 798 n
1465 747 1534 804 Hice
1546 747 1717 806 Benedictini
1725 766 1791 808 auc·

151 824 211 872 torci
224 815 318 873 Gallie
331 817 483 884 litteraris,
495 817 551 871 heic
591 817 714 882 ebricius,
730 817 785 871 hece
799 831 887 872 omncs
899 818 947 899 qui
960 816 1062 872 duobus
1074 816 1170 871 abhinc
1183 817 1284 872 saeculis
1298 816 1512 943 descriptoribus
1525 819 1706 878 ecclenaiti'cc's
1718 837 1791 876 corn·

147 889 249 944 meritati
260 893 329 943 sunt.
344 886 445 953 Quibus
461 905 497 941 un
510 889 604 942 merito
618 887 682 957 fides
697 887 833 960 hucusque
847 885 968 942 adhibita
981 904 1013 942 ce
1027 887 1093 942 libro
1112 888 1169 958 ipso
1183 905 1261 962 quem
1275 894 1335 958 post
1348 888 1390 944 Fu
1410 892 1436 944 ri
1453 889 1629 962 Stupulensi's,
1644 890 1760 947 Burciii
1766 899 1791 948 et

146 960 265 1016 Borromi'
280 957 486 1026 lucubrationes,
501 957 612 1018 Silenus
625 957 716 1024 edidit,
731 957 917 1030 inquirendum
932 958 1007 1013 nobis
1023 962 1099 1022 crate
1126 959 1172 1013 scd
1182 957 1254 1014 nihil
1266 958 1332 1013 tucis
1345 961 1452 1016 attulit:
1474 966 1543 1017 totus
1560 968 1598 1017 est
1609 964 1679 1020 enini
1690 964 1719 1018 in
1734 962 1793 1019 ludi

145 1029 313 1086 scacchorum
327 1031 408 1084 uariis
420 1029 652 1084 exercitationibus
667 1029 845 1086 enucleandis.
861 1026 970 1100 Papiria
993 1028 1099 1102 quietern
1115 1029 1168 1084 443
1181 1029 1277 1100 lepitur
1291 1029 1412 1084 titulus«
1427 1030 1679 1102 Rhythmomochia,
1692 1033 1790 1091 nobilis

144 1107 166 1155 ct
178 1101 363 1160 uetustissimus
376 1099 455 1155 ludus
471 1099 679 1170 Pythayori'cns,
700 1115 778 1172 quern
793 1099 896 1156 Gallico
918 1099 1043 1155 idiomate
1063 1097 1242 1156 ob’ranci'sco
1262 1097 1400 1170 Borroaii,
1417 1103 1501 1157 nobili
1522 1103 1630 1172 Veneto,
1650 1106 1790 1176 scriptum,

144 1169 324 1226 Germanicum
333 1171 398 1240 fecit
409 1169 555 1225 Gustaoicis
566 1168 685 1226 Silenus.
705 1193 718 1220 »
733 1169 832 1226 Nonne
845 1170 926 1240 hujus
938 1170 1058 1242 opusculi
1067 1171 1130 1240 sons
1145 1170 1269 1226 Gerbcrti
1279 1169 1543 1242 Rhythmomachia?
1553 1173 1609 1230 Sed
1622 1174 1791 1232 helinberti

143 1243 240 1297 samin
247 1242 302 1296 haec
312 1243 412 1296 mentio
428 1245 497 1296 inter
511 1241 566 1297 ati'n
597 1258 638 1296 use
651 1241 723 1312 apud
735 1240 876 1298 Baceruni
890 1240 942 1310 sol.
953 1243 988 1297 tu
1002 1259 1019 1296 a
1031 1246 1055 1297 et
1070 1241 1142 1312 apud
1153 1241 1278 1298 Setinum
1287 1259 1354 1313 pap.
1370 1245 1423 1300 sot
1435 1243 1559 1314 haumar
1573 1263 1582 1300 c

174 1312 315 1367 «Thomas
330 1313 500 1384 Tapctiphus,
521 1259 634 1383 Annius,
654 1314 755 1383 copiam
770 1313 838 1368 mihi
846 1312 912 1384 sicit
930 1312 1068 1383 cujusdam
1084 1311 1166 1368 libelli
1182 1315 1238 1385 qni,
1254 1318 1286 1368 ut
1305 1313 1349 1368 itte
1362 1315 1462 1382 retulit,
1478 1315 1611 1388 decerptus
1629 1323 1668 1372 est
1680 1333 1712 1372 cn
1725 1333 1792 1391 quo-

142 1382 195 1438 dam
207 1385 289 1439 venri·
297 1383 359 1438 titro
375 1382 535 1451 Chaldaico,¹
547 1400 578 1438 ac
591 1383 709 1454 Anqlico
721 1383 954 1450 sermonedonato,
970 1389 995 1438 et
1008 1383 1153 1466 quamdam
1168 1383 1287 1438 ludendie
1301 1383 1549 1454 Rhuthnioinnchice
1563 1388 1693 1442 rationem
1704 1391 1789 1444 conti-

143 1460 197 1516 nete
210 1471 289 1528 qnam
304 1457 334 1508 in
343 1455 390 1508 hoc
407 1471 464 1508 rneo
480 1453 567 1509 libello
578 1457 776 1526 pretermittere
786 1454 864 1509 nolui
871 1482 879 1520 ,-
891 1459 1040 1524 presertim
1055 1470 1115 1510 euni
1127 1455 1156 1508 in
1169 1455 1218 1510 hoc
1236 1456 1286 1509 sini
1301 1457 1431 1527 opinione,
1446 1457 1515 1512 hane
1526 1459 1718 1529 propressionis
1731 1459 1790 1528 sor·

142 1541 202 1578 moni
218 1531 289 1597 (qua
302 1525 444 1580 scacchicie
463 1524 609 1596 respondet)
622 1525 707 1580 nostri
722 1525 780 1579 ludi
787 1525 980 1596 perfectionem
996 1541 1057 1590 csse,
1073 1542 1206 1598 quamque
1220 1531 1315 1581 ueteres
1328 1527 1359 1581 i'n
1374 1527 1486 1582 ludendo
1503 1529 1587 1583 secuti
1595 1534 1657 1583 sunt
1666 1555 1675 1595 ,·
1692 1543 1746 1601 qna
1761 1529 1792 1584 de

142 1596 348 1666 nconncturom
357 1598 431 1667 capio
444 1612 614 1666 propressuin
628 1597 796 1652 scacchorum
811 1603 836 1651 et
850 1598 978 1650 incessum
992 1595 1108 1651 indidem
1120 1613 1197 1652 niam
1209 1598 1339 1667 oripincoi
1353 1599 1471 1654 tenensi.
1484 1598 1560 1654 Hinc
1577 1601 1642 1654 satis
1657 1601 1792 1671 initiarum

141 1672 175 1722 cst
187 1667 281 1722 iriticcm
297 1681 379 1739 quam
391 1684 477 1722 scone
490 1673 516 1722 et
526 1669 606 1723 stoice
617 1685 635 1721 a
649 1667 806 1740 quibusdam
820 1667 948 1722 veteribus
962 1667 1005 1721 hic
1019 1667 1095 1722 ludus
1107 1668 1251 1739 descriptus
1264 1669 1299 1722 sit
1316 1685 1325 1721 .·
1350 1670 1404 1741 qui,
1417 1669 1481 1724 dum
1503 1669 1723 1742 coninnptaii‘oni
1737 1670 1795 1726 ludi

140 1739 247 1793 nitenti
266 1745 341 1802 sunt,
357 1744 567 1810 contempserunt
582 1738 610 1792 id
622 1739 653 1792 in
667 1738 747 1809 hujus
763 1737 819 1792 ludi
828 1739 1015 1793 coercitatione
1029 1739 1100 1811 quod
1112 1755 1193 1811 nique
1205 1739 1383 1810 iniucundum
1395 1739 1545 1796 ludentibus
1557 1741 1663 1811 suisset.
1679 1740 1721 1796 Hi
1729 1757 1792 1798 aero

140 1814 201 1875 sunt,
218 1805 490 1880 GltBERTUSpo
508 1827 535 1876 o,
548 1807 724 1864 Hennennns
740 1806 910 1876 Contractus,
927 1806 1084 1877 Castrorum,
1103 1809 1233 1866 Nicotaus
1249 1809 1395 1866 Orestinus.
1412 1809 1482 1878 Quos
1497 1811 1547 1867 hac
1559 1818 1649 1868 nostro
1664 1811 1792 1867 memorio

139 1885 192 1933 sunt
208 1880 314 1936 imitati
333 1879 461 1937 Ornnnm
508 1881 601 1947 inens,
617 1881 772 1951 lietphinas,
788 1880 905 1934 lacobus
919 1878 1009 1934 Faber
1021 1880 1206 1952 Staputeinis3
1230 1897 1312 1953 ncqcn
1326 1897 1373 1952 epo
1387 1881 1512 1938 haetenus
1524 1882 1559 1938 ab
1573 1899 1664 1938 eoricm
1676 1884 1793 1954 oestipiis

139 1949 242 2006 discessi.
254 1950 311 2007 Sed
330 1968 391 2006 curii
409 1952 524 2006 viderem
536 1953 605 2006 hono
619 1950 889 2023 contemptationem
904 1952 1062 2006 recreatione
1075 1952 1233 2023 sejunctam,
1250 1951 1385 2008 interdurn
1398 1969 1450 2008 esse
1468 1953 1616 2020 molestam,
1630 1953 1709 2009 oaldi
1719 1953 1794 2009 laetor

203 2022 250 2077 isse
262 2039 308 2077 inc
319 2023 348 2078 td
362 2023 434 2095 quad
439 2023 604 2095 jampridem
614 2023 759 2079 abscissum
767 2029 835 2092 erat,
846 2029 871 2078 et
881 2028 1033 2094 separatum
1044 2023 1114 2094 quod
1125 2022 1160 2078 ad
1171 2023 1252 2095 hujus
1264 2028 1386 2078 abactam
1397 2024 1570 2096 repletionem
1580 2024 1793 2094 mansuefacere

167 2100 351 2220 Liletrwlla'c'obi
360 2161 446 2222 Fabri
452 2163 626 2236 Stapnlensis,
639 2165 671 2220 de
687 2181 739 2239 quo
751 2182 832 2238 supra
845 2164 982 2234 Bararus,
1001 2162 1123 2220 nonnihil
1134 2139 1311 2236 sorsan'tucis
1325 2165 1444 2239 offerret,
1457 2164 1505 2224 scd
1519 2164 1653 2238 hucusque
1669 2163 1791 2222 lucubra-

139 2234 222 2289 tionem
232 2235 303 2291 hanc
315 2235 403 2290 videre
414 2235 489 2291 nobis
506 2253 559 2290 non
573 2236 699 2308 conticit.

167 2303 228 2361 Huc
242 2305 364 2363 eruditiss
374 2306 453 2363 tector
464 2307 543 2363 habet
556 2325 615 2380 que
629 2308 661 2364 de
673 2305 1043 2378 Gerbcrtihthythrnomachia
1057 2306 1184 2380 conjicere
1191 2307 1329 2380 potuimus
1343 2327 1353 2364 .·
1368 2305 1443 2364 litem
1453 2307 1505 2380 ipsi
1515 2305 1695 2364 dirimciidam
1710 2306 1793 2362 retin-

137 2379 237 2449 minius.

732 2560 1192 2662 suuntur!

863 2730 1065 2780 POSTMODUM

557 2827 995 2955 SILVESTRI
1036 2828 1096 2952 ΙΙ
1131 2827 1368 2954 PAPAE

831 3004 1112 3099 nunninus

308 3047 413 3288 DE
459 3153 898 3290 unisonum
939 3157 1039 3286 ET
1081 3152 1439 3289 unisone
1480 3153 1617 3288 UTI

137 3349 186 3410 bai
193 3352 265 3412 coit.
275 3349 687 3422 nis.tnctutimnnastertt
700 3349 965 3424 Tenernseerists
975 3343 1012 3408 in
1024 3349 1169 3415 Botori’o
1181 3349 1304 3410 erutus
1315 3349 1358 3410 ab
1370 3349 1468 3408 Adm.
1478 3351 1518 3409 R.
1529 3349 1567 3408 D.
1576 3349 1618 3408 P.
1624 3340 1797 3421 Ateshnnco

554 3431 700 3498 Hueben
717 3433 869 3496 eiusdem
890 3431 955 3489 toci
969 3429 1136 3490 coewottn
1150 3429 1369 3490 Benedicituo

267 3553 365 3626 (Apud
379 3554 413 3610 R.
428 3555 459 3610 P.
475 3555 655 3611 bernardum
673 3554 788 3611 Pezium
811 3553 962 3610 Thesaurus
982 3553 1490 3628 Anccdot.uooiss.,tomi1parteu,
1506 3555 1561 3610 eol.
1582 3552 1657 3628 447.)

742 3659 1195 3820 pezii-bibulum

596 3889 766 3956 (Dissertatio
780 3891 915 3962 nepopiaa
930 3891 958 3945 in
974 3897 1038 3946 tom.
1053 3888 1069 3944 1
1088 3889 1220 3945 Thesauri
1233 3887 1337 3946 Anecd.

170 4061 205 4116 bo
218 4062 274 4118 hoo
284 4061 396 4130 libello,
416 4075 497 4118 mere
510 4061 673 4142 dialectieo,
681 4061 745 4133 jam
760 4061 892 4128 diximus,
904 4077 971 4116 euin
986 4077 1074 4128 nuno,
1091 4062 1120 4116 et
1151 4059 1254 4143 *uideni
1272 4057 1431 4141 integrum,
1445 4054 1562 4128 prodire
1572 4053 1798 4136 exubibliothaeu

140 4129 171 4185 Te
204 4133 347 4202 suscensi,
361 4137 525 4206 postquem
542 4133 651 4190 ibidem
667 4133 741 4189 illico
762 4133 889 4188 exstabat
902 4132 996 4188 Sermo
1011 4135 1039 4186 in
1060 4077 1170 4187 concilio
1189 4130 1350 4185 htosoinensi
1367 4126 1538 4210 oberherto
1548 4126 1677 4207 babitus,
1698 4123 1798 4180 uGui-

141 4149 227 4257 heirico
242 4205 336 4260 Cavea
352 4203 381 4258 in
404 4204 527 4259 Historia
542 4204 682 4260 litteraria
706 4205 838 4260 nondum
862 4203 945 4258 oditis
960 4203 1112 4267 accensita,
1129 4217 1200 4284 enm·
1213 4209 1313 4255 tamen
1335 4199 1511 4280 editissimas
1532 4199 1579 4265 sit,
1596 4211 1725 4277 unusque
1738 4193 1799 4250 iere

143 4275 229 4358 omnin
241 4275 322 4357 illius
335 4275 449 4346 synodi,
464 4291 551 4346 quum
566 4276 673 4331 Cereus
688 4277 772 4348 paulo
787 4275 1004 4356 post'recenset,
1021 4277 1085 4328 sete
1099 4272 1243 4398 εοιιβιεὲῗῑ.
1260 4272 1351 4326 Porro
1366 4265 1798 4395 epistolntniaucpsp'afflffiffii

142 4343 1197 4489 institisset.isitii?institissentbestisi.
1216 4355 1666 4496 tn,2tt³tt¹.ts¹i·i⁵.t‚t..n
1682 4408 1798 4490 uisu

142 4487 302 4544 eorumdem
327 4489 544 4554 Antiochorum,
568 4504 634 4560 pag.
655 4493 719 4551 215,
740 4489 872 4543 maturius
893 4503 1015 4557 expensa,
1034 4485 1065 4541 id
1078 4484 1207 4566 Gerberto
1227 4483 1384 4564 adjudicare
1405 4498 1490 4537 visum
1504 4487 1546 4563 ‘cst
1567 4497 1596 4534 in
1614 4479 1742 4561 mendis
1760 4477 1799 4558 'ad

144 4561 231 4612 ninam
245 4557 262 4612 l
272 4559 296 4613 Α
306 4559 476 4614 nutcctoruni.
489 4559 601 4614 ibidem
617 4558 798 4614 Mubillonius
813 4558 865 4612 sub
883 4557 1003 4612 nomino
1015 4557 1145 4611 Gerberti
1160 4553 1253 4610 edidit
1264 4569 1434 4610 sermonem
1449 4553 1485 4608 ds
1503 4550 1708 4634 ininrmatmne
1721 4563 1798 4628 epis·

143 4641 282 4748 asperum,
295 4633 321 4684 et
335 4629 487 4684 diuersitate
500 4629 576 4686 tituli
585 4629 718 4700 deceptus,
731 4635 762 4712 ut
775 4635 861 4682 moriat
879 4627 975 4710 Itipi'ns
986 4629 1013 4680 in
1021 4627 1189 4708 Presotione
1201 4624 1238 4707 ad
1250 4623 1458 4750 Trnctotpmghc
1471 4621 1679 4748 Ilfflwmiitlcet
1688 4617 1796 4744 diffie

144 4701 1362 4848 stt'tt’nesthithethttttthhttbttttltttnhhftttttt.
1378 4711 1415 4820 h
1426 4691 1797 4846 hildibaldus

147 4840 257 4917 uenosi,
278 4840 438 4896 sedetiam
459 4841 490 4896 in
505 4841 765 4898 Emineramniensi
783 4856 879 4896 coceio
897 4855 986 4913 prope
1000 4855 1090 4894 menn
1114 4841 1263 4920 exaratum
1283 4837 1416 4893 siminus.
1448 4835 1537 4916 idem,
1562 4851 1593 4889 ni
1613 4834 1752 4898 teilnnur,
1770 4847 1800 4886 iu

145 4905 305 4966 bibliothece
319 4912 449 4968 Caesarea
463 4911 626 4969 vindobon.
642 4915 742 4967 exstet.
751 4913 781 4967 in
795 4912 899 4967 Codice
911 4911 1172 4966 Emmernmmensi
1187 4911 1282 4964 totum
1298 4906 1467 4979 opuseulum
1480 4904 1599 4979 quidam
1614 4919 1712 4960 versus
1731 4917 1799 4958 con·

146 4982 339 5051 sequebantur,
352 4999 423 5055 quos
437 4999 488 5038 suo
502 4999 554 5039 nos
564 4983 627 5040 loeo
643 4983 831 5040 restituimus.

428 5071 563 5128 VERSUS
578 5072 613 5126 IN
628 5072 758 5127 LinuUM
770 5069 995 5127 sinemurus
1011 5069 1197 5125 unisonum
1213 5069 1254 5123 ΕΤ
1268 5065 1418 5123 RATIONE
1434 5061 1500 5120 [til.

174 5157 228 5230 (th)
243 5157 377 5232 Quisquis
388 5159 555 5234 opaoevelis
564 5159 678 5232 Sophias
687 5159 825 5215 scandere
834 5173 936 5231 regns,
951 5156 1087 5221 ASuevis
1100 5156 1193 5214 cimice
1203 5171 1283 5212 mess
1288 5154 1450 5227 properasti
1456 5165 1572 5224 semper
1582 5149 1618 5207 sd
1628 5151 1708 5206 eules
1721 5166 1728 5206 :

209 5243 296 5302 istius
308 5247 338 5302 in
355 5247 444 5320 pratis
454 5249 557 5320 pocula
571 5264 657 5320 carpe
672 5247 747 5302 libri.
1061 5245 1125 5302 lam
1137 5244 1199 5300 sine
1214 5243 1273 5300 flue
1284 5243 1370 5299 simul
1381 5243 1496 5315 sceptra
1506 5253 1642 5314 regamus
1655 5237 1706 5295 ibi.

148 5329 256 5390 Potitus
271 5335 400 5392 citimum
418 5339 514 5393 flectes
529 5353 581 5410 per
596 5335 885 5412 gruminugressiini,
917 5361 927 5377 ¹·
991 5334 1151 5408 imperium
1166 5347 1314 5407 aequemus
1323 5329 1568 5388 insinnomitunte
1582 5328 1750 5402 superbum,

210 5421 325 5495 Organa
340 5426 492 5481 doctorum
507 5441 564 5498 quo
578 5442 630 5480 sua
640 5427 734 5482 castra
745 5427 889 5488 comunt.¹
1061 5425 1095 5478 Et
1107 5423 1217 5495 jugiter
1231 5437 1347 5477 mecum
1361 5435 1469 5476 nomen
1482 5416 1514 5474 in
1527 5419 1603 5472 nstra
1612 5416 1698 5471 ierus.

147 5505 353 5585 Micuiensque
364 5515 502 5570 duoiium
512 5514 608 5586 capies
617 5531 684 5570 cum
694 5514 779 5570 laude
788 5499 939 5571 coruscum
988 5512 1101 5568 Arduus
1113 5516 1157 5568 est
1169 5510 1257 5567 multi
1272 5508 1367 5565 videus
1380 5511 1412 5564 ut
1422 5506 1536 5580 remige
1546 5504 1653 5577 lingum

206 5599 300 5672 Atque
310 5601 416 5675 Sophia
429 5602 479 5657 tibi
495 5603 563 5658 talin
576 5603 636 5659 tatii
650 5601 747 5659 dabit:
1060 5601 1188 5674 AEquore
1201 5615 1252 5674 per
1266 5601 1366 5656 nostre
1379 5596 1439 5652 lina
1449 5591 1700 5652 incensis-cnunc.

178 5685 227 5756 tii]
243 5687 277 5744 Hi
290 5705 384 5746 sersus
393 5689 497 5746 desunt
511 5690 540 5745 iu
551 5690 760 5764 eodmegerns.
776 5691 827 5746 sed
842 5689 872 5745 in
886 5689 1163 5758 Emmorummonsi,
1179 5705 1244 5745 sinc.
1258 5687 1362 5744 niuniu
1374 5677 1641 5751 exmato,Gerberti
1656 5674 1797 5749 eposiuto

151 5750 178 5808 di
190 5759 241 5812 ist.
257 5763 287 5815 et
298 5765 350 5822 rit.
363 5761 404 5817 uti
417 5763 483 5837 post
495 5763 617 5836 paucula
631 5762 765 5836 quisdam
780 5761 979 5835 subjiciuntur.
