4022 6188
233 349 301 412 tera
915 339 1202 411 sarchorum
1796 353 1851 415 isto

233 476 293 534 atui
307 479 406 534 nostro
420 475 497 549 quod
512 475 690 543 incomitata
705 473 864 531 lenioleusi
882 476 970 530 vellet
983 476 1071 537 se·A
1118 475 1263 550 Scriptum
1283 494 1335 551 per
1360 494 1479 534 merium
1501 477 1646 536 Benedicti
1663 477 1762 534 uotarfi
1775 478 1855 550 regio.

233 565 344 622 undum
372 563 584 620 institutionem
610 563 761 620 canonicas
776 560 958 618 auctoritatis
973 577 1034 616 mo·
1084 565 1169 634 uarii,
1188 571 1218 624 et
1246 567 1386 625 scriniarii
1418 571 1524 624 sanctu
1534 569 1670 624 Romana
1688 567 1855 636 Ecclesiaiu

234 653 391 709 casterium
405 655 572 708 construere
599 652 628 708 in
643 653 769 726 quodam
789 649 1032 716 venerabililoco,
1084 672 1185 714 menso
1198 659 1378 723 Novembris,
1398 657 1556 714 indictione
1566 658 1690 715 decima.

185 727 187 734 ¹
233 741 281 813 qui
292 742 334 794 est
344 743 525 796 consecratus
536 741 683 796 inhonore
699 739 789 794 sancti
806 739 883 796 Petri
899 736 1033 810 apostoli,
1121 747 1198 802 Bone
1211 748 1314 804 valete,

232 827 391 901 deprecans
400 832 432 884 ut
446 828 524 885 idem
535 829 746 884 monasterium
755 831 862 883 nostrae
871 825 1035 900 apostolico
1453 838 1511 896 vn,

231 916 436 989 praeceptionis
449 917 629 974 muniremus
642 916 802 989 privilegio.
820 915 907 987 Cujus
919 913 1035 988 petitio·
1120 941 1213 1017 Sem-,-
1234 941 1281 997 JV
1303 959 1381 1015 W
1404 941 1578 1014 priami-um
1603 958 1655 1016 pm
1688 943 1832 1002 mmm

233 1021 301 1060 nem
312 1005 453 1061 salubrius
465 1005 502 1060 ob
515 1021 647 1061 amorem
653 1005 705 1062 Dei
718 1005 878 1078 adimplere
888 1003 1037 1058 studentes
1389 1029 1587 1102 eunifimi·

233 1092 416 1149 decernimus
426 1108 478 1164 per
488 1093 572 1165 hujus
584 1093 675 1149 nostri
692 1092 832 1165 privilegii
851 1090 1035 1164 dignitatem,

236 1183 265 1234 ut
281 1181 380 1236 omnia
396 1196 460 1253 quse
480 1180 638 1253 antiquitus
656 1181 851 1252 cojuscunque
875 1176 990 1251 generis
1007 1176 1036 1231 in
1371 1141 1482 1206 (ΑΜ
1504 1137 1605 1210 Μ’)
1640 1245 1654 1262 ν

234 1269 338 1324 eodem
354 1269 448 1325 votive
471 1268 634 1325 contradita
646 1273 712 1324 sunt
727 1270 802 1336 loco,
830 1267 887 1322 sire
912 1264 1034 1338 praedia,
1304 1244 1491 1315 [COCOUfflNo
1506 1247 1528 1299 l·
1538 1243 1677 1316 ¹2P·3¹⁰·]

235 1356 292 1412 sive
308 1357 338 1411 in
357 1357 486 1425 decimis,
502 1357 559 1412 sive
586 1356 772 1428 inprimitus,
796 1355 853 1410 sive
879 1355 908 1409 in
928 1352 1038 1408 caeteris
1124 1349 1241 1406 Sanctus
1255 1349 1415 1423 episcopus,
1431 1366 1528 1406 servus
1541 1363 1689 1405 servorum
1704 1348 1760 1404 Dei.

235 1444 476 1500 redhibitionibus
486 1445 692 1511 ecclesiasticis,
705 1443 872 1515 perenniter
885 1445 1038 1515 persistere
1125 1437 1268 1502 Quoniam
1281 1437 1377 1494 divina
1385 1442 1533 1494 evincente
1549 1437 1656 1510 pietate
1675 1436 1768 1493 sedula
1779 1439 1859 1494 mosin

233 1534 370 1604 jubemus
379 1532 487 1588 ibidem
495 1532 771 1603 mancipataatodia,
779 1533 822 1587 vel
831 1546 895 1602 quae
903 1529 1039 1603 praelatos
1090 1527 1195 1582 nostris
1209 1527 1467 1600 prodecessoribus
1484 1527 1593 1582 exstitit
1612 1527 1755 1600 prosperis
1766 1526 1814 1582 sive
1825 1527 1861 1582 nd·

238 1620 379 1676 comesto
395 1619 740 1690 eodemsuhrogatloco,
756 1618 879 1691 relquae
896 1617 1038 1674 moderno
1089 1616 1176 1670 vorsis
1189 1615 1321 1671 omnium
1335 1616 1489 1672 homiuum
1505 1615 1672 1688 diligentius
1684 1616 1800 1688 vigilare,
1810 1615 1860 1670 stin

238 1708 371 1764 videntur
385 1709 421 1764 ad
431 1709 812 1781 eumdemlocumtcmpore
821 1706 977 1780 pertinere,
988 1721 1040 1779 per
1090 1704 1309 1760 necessitatibus
1323 1704 1485 1773 subvenire,
1501 1721 1558 1777 quo
1571 1705 1684 1761 malum
1695 1705 1724 1760 in
1738 1705 1862 1763 auimore

237 1795 314 1850 hauc
323 1797 413 1853 nostri
422 1795 562 1868 privilegii
573 1796 775 1852 auctoritatem
786 1796 815 1851 in
826 1795 1040 1869 praenominato
1051 1788 1079 1848 B
1091 1809 1188 1849 secare
1207 1793 1359 1867 possimus,
1375 1793 1486 1849 honum
1502 1809 1569 1850 vero
1593 1796 1754 1866 apostolicis
1768 1794 1861 1851 benedi-

239 1884 429 1957 subrogamus
439 1886 502 1940 loco
515 1883 860 1957 3quorumnominesunt
871 1883 1042 1940 haemeccle-
1091 1881 1234 1937 ctiouibus
1248 1881 1437 1936 corroborare
1450 1886 1645 1955 :quapropter
1660 1899 1721 1952 uos,
1731 1883 1861 1956 quieoruru

240 1971 314 2026 siam
331 1975 443 2028 Sancta
463 1973 556 2028 llariee
573 1972 609 2028 de
621 1973 710 2041 Valle,
727 1975 756 2028 et
771 1972 922 2028 ecclesiam
937 1971 1039 2028 Sancti
1091 1968 1502 2042 gestamosiniulam,illorom
1513 1971 1611 2043 utique
1627 1973 1754 2027 volumus
1769 1972 1862 2042 vestigia

238 2061 372 2118 Andreae.
388 2065 418 2116 et
432 2061 581 2116 ecclesiam
597 2060 694 2116 Sancti
709 2061 821 2117 Martini
840 2061 876 2116 de
894 2061 960 2116 villa
974 2061 1039 2117 Pri·
1092 2058 1183 2129 sequi,
1198 2062 1229 2113 ut
1244 2073 1346 2114 omnes
1356 2056 1487 2114 videlicet
1497 2057 1632 2115 homiues
1643 2059 1696 2114 sub
1706 2060 1799 2117 nosris
1809 2065 1863 2114 tem

240 2148 351 2218 dianas,
363 2152 392 2205 et
407 2149 556 2205 ecclesiam
576 2149 673 2205 Sancti
686 2149 785 2205 iacobi
799 2166 865 2206 cum
881 2148 999 2206 decimis
1014 2152 1043 2205 et
1092 2147 1237 2222 poribusa
1251 2147 1310 2203 Deo
1320 2146 1454 2201 constitui
1465 2146 1622 2218 gaudeant,
1639 2149 1862 2205 etlleoauriliante

239 2239 386 2312 primitiis,
401 2241 430 2296 et
454 2239 565 2308 alodiis,
581 2239 823 2296 redhibitionibus
835 2239 961 2308 illarum,
978 2240 1043 2295 hac·
1092 2236 1259 2310 perenniter
1271 2250 1382 2290 nomen
1399 2237 1487 2290 tantae
1497 2234 1649 2307 diguitatis
1661 2237 1753 2301 decus,
1765 2239 1791 2292 el
1805 2253 1864 2293 conr·

239 2331 325 2386 teum
339 2332 368 2385 et
376 2327 506 2384 alodium
521 2328 557 2383 de
567 2327 781 2384 villaArchauis
802 2345 868 2386 enm
897 2328 1042 2398 terminis,
1092 2325 1180 2380 moda
1191 2323 1296 2379 lerant.
1313 2323 1380 2378 ldeo
1396 2321 1464 2394 quia
1484 2321 1596 2379 Christo
1612 2323 1793 2381 distribuente
1805 2326 1864 2381 Petri

240 2420 270 2472 et
295 2417 400 2471 finibus
425 2415 492 2483 suis,
508 2432 612 2486 usurpo
638 2419 666 2470 ct
680 2416 808 2472 alodium
834 2417 912 2488 quod
927 2417 1039 2473 Wedal·
1092 2412 1230 2487 principis
1247 2411 1444 2485 apostolorum
1459 2411 1551 2468 ricem
1568 2416 1727 2485 gestemus,
1743 2414 1791 2470 boc
1803 2413 1863 2486 quod

239 2506 282 2560 lus
301 2505 337 2559 de
351 2504 455 2559 eodem
469 2504 533 2559 loco
546 2504 635 2558 abbas
654 2504 684 2557 in
699 2503 765 2559 villa
780 2503 809 2558 S.
828 2504 927 2560 Felicis
942 2505 1042 2578 acqui·
1090 2501 1212 2558 lecimus
1236 2501 1437 2556 inconvulsum
1462 2517 1582 2558 manere
1608 2504 1750 2570 volumus,
1764 2503 1864 2558 utnulla

239 2591 304 2648 sivit
318 2590 375 2646 sive
400 2606 453 2663 per
482 2593 627 2663 parentes,
657 2591 714 2647 sive
735 2607 788 2663 per
808 2593 1041 2666 qualemcunque
1091 2590 1199 2647 laicalis
1212 2606 1337 2663 persona
1359 2606 1410 2645 seu
1436 2590 1639 2664 episcoporum
1657 2592 1702 2648 vel
1723 2591 1864 2648 clericorum

239 2696 338 2736 rocem
353 2697 360 2734 z
376 2679 509 2734 similiter
524 2683 553 2734 et
567 2679 695 2736 alodium
711 2680 746 2736 de
757 2680 823 2736 villa
837 2681 995 2755 Regulella,
1006 2687 1036 2739 et
1092 2679 1198 2734 nostris
1226 2679 1321 2734 obstet
1343 2677 1494 2751 praeceptis
1518 2681 1569 2734 aut
1591 2679 1775 2748 contradicat,
1802 2694 1833 2732 ne
1841 2676 1863 2730 in
1960 2731 1961 2748 ,

239 2770 317 2840 quod
334 2768 450 2823 Pontius
461 2768 813 2839 traterjemdictiehhatis
824 2769 933 2826 ibidem
945 2772 1038 2829 votive
1090 2767 1187 2822 multis
1199 2765 1449 2822 maledictionibus
1459 2766 1598 2823 inconst.
1613 2767 1706 2841 Igitur
1714 2767 1776 2841 quia
1786 2767 1861 2839 postu

238 2856 414 2928 subrogavit.
433 2857 498 2912 llaec
513 2855 613 2911 omnia
628 2856 737 2928 pradia
751 2872 838 2929 supra
855 2858 1041 2918 nominatae
1089 2855 1168 2912 lastis
1183 2872 1200 2911 a
1214 2854 1308 2924 nobis,
1332 2853 1465 2910 Guisrede
1487 2854 1590 2911 dilecte
1618 2872 1727 2926 comes,
1746 2860 1861 2929 quatem

207 3075 209 3082 ,
237 3034 343 3106 quisita
357 3033 542 3090 numeodem
565 3033 743 3089 monasterio
770 3035 821 3090 suh
849 3039 955 3092 sanctae
983 3037 1039 3092 llo·
1089 3035 1411 3104 tuorumpeccntorum,
1425 3033 1612 3089 sivetuorum
1622 3039 1775 3106 parentum
1787 3034 1865 3088 remis

237 3139 333 3179 mana
350 3123 482 3178 Ecclesia
497 3125 527 3177 et
542 3126 648 3180 nostra
663 3123 739 3177 setis
754 3124 919 3196 apostolicae
935 3125 1039 3197 recipi·
1088 3119 1170 3178 sione
1184 3120 1214 3176 iu
1230 3137 1264 3176 ea
1278 3121 1488 3177 monasterium
1504 3121 1624 3192 laceres,
1640 3127 1671 3178 et
1685 3121 1720 3178 de
1734 3122 1784 3177 tois
1796 3119 1866 3192 siqui·

235 3226 301 3266 mus
315 3210 489 3278 munimina,
509 3210 564 3266 hoc
589 3213 747 3266 eminentes
762 3214 794 3266 nt
810 3211 946 3286 deinceps
960 3214 1040 3269 nulla
1089 3210 1157 3266 dent
1177 3208 1292 3283 praediie
1302 3207 1345 3264 illi
1359 3213 1465 3265 sanctae
1480 3210 1613 3266 Ecclesia
1623 3211 1866 3278 concederemhac,
1960 3239 1961 3250 κ

236 3315 366 3371 uuquam
381 3299 534 3369 subrogata
546 3299 830 3371 personapraelatam
842 3300 1040 3356 ccclesiamat·
1089 3297 1270 3354 cbarisssime
1286 3297 1326 3353 ttti
1342 3297 1442 3369 petitio
1457 3297 1541 3354 nohis
1555 3299 1636 3355 hona
1657 3287 1774 3366 videtur,
1795 3301 1867 3352 etan·

236 3403 293 3460 que
309 3385 519 3442 monasterium
534 3402 600 3441 cum
612 3387 669 3442 suis
686 3387 820 3443 omnibus
832 3405 919 3460 supra
934 3389 1038 3445 taxatis
1090 3391 1198 3444 uuente
1212 3385 1807 3460 summellageillampraelatamecclesiam
1815 3403 1866 3442 mn

237 3474 289 3530 suh
298 3475 365 3545 jure
378 3473 700 3529 alteriosecclesiaeeam
714 3475 871 3547 subjugare
882 3481 1040 3548 praesumat
1091 3474 1717 3548 omnihuspartinentiistibiconcedimus,et
1730 3473 1867 3550 apostoliea

238 3579 336 3634 neque
350 3562 617 3634 placitospublicos‚
628 3563 919 3636 siveperhomicidia,
930 3567 975 3622 vel
985 3583 1038 3640 pro
1091 3564 1261 3620 auctoritate
1276 3565 1492 3632 confirmamus,
1504 3565 1608 3620 aleam
1623 3565 1654 3622 in
1671 3569 1827 3639 perpetuam
1837 3561 1869 3616 iu

237 3650 432 3722 cujuscunque
446 3651 530 3723 culpa
544 3649 637 3706 valeat
648 3667 788 3725 peragere
800 3655 843 3709 vel
858 3653 1040 3712 functionem
1091 3655 1258 3710 convulsam
1272 3670 1393 3709 manere
1414 3653 1568 3710 sancimus.
1586 3654 1786 3723 Concedimus,
1798 3652 1866 3708 etiam

238 3737 297 3795 sive
306 3739 467 3812 temporale
475 3739 622 3795 servitium
632 3756 666 3795 ex
677 3741 781 3797 eodem
793 3743 970 3800 monasterio
985 3743 1043 3800 eri·
1091 3743 1248 3815 prelibatae
1262 3743 1388 3800 ecclesiae
1403 3745 1436 3797 nt
1450 3759 1603 3816 nunquam
1613 3743 1747 3801 obnoxia
1761 3741 1793 3798 sit
1801 3738 1869 3797 servi·

239 3845 322 3902 gere;
338 3827 389 3884 sed
402 3828 488 3884 liceat
512 3828 609 3885 abbati
628 3829 761 3902 praelato,
780 3834 810 3886 et
828 3831 1042 3888 successoribus
1091 3831 1146 3887 tuti
1163 3829 1290 3900 atterius,
1303 3847 1419 3902 semper
1431 3827 1468 3887 sit
1480 3831 1574 3888 libere
1590 3835 1619 3887 et
1630 3829 1791 3906 apostolicis
1803 3827 1868 3902 priri

240 3916 298 3974 suis
311 3917 364 3973 suh
377 3921 483 3974 nostres
501 3917 689 3974 iustitutionis
698 3919 814 3976 servitio
825 3919 921 3992 quiete
935 3922 1041 3992 vivere,
1073 3919 1175 3998 ,legiis
1206 3921 1340 3988 exoluta,
1369 3921 1476 3992 pertse
1504 3919 1535 3975 iu
1559 3937 1655 3977 aarum
1671 3923 1783 3977 maneat
1804 3913 1869 3974 subli

241 4024 294 4065 trac
309 4008 424 4064 licentia
439 4008 474 4063 sit
486 4008 619 4080 cuiquam
626 4025 900 4082 magnaparvaeque
911 4026 1042 4083 personae
1092 4013 1182 4066 mata.
1198 4007 1274 4074 Quas
1299 4010 1398 4064 autern
1425 4008 1619 4082 possessiones
1652 4013 1704 4065 aut
1725 4007 1869 4083 pretiosor

241 4098 351 4170 exejus
376 4098 462 4154 rebus
474 4097 666 4169 omnibusque
679 4097 715 4152 ad
744 4114 810 4154 eom
830 4099 1043 4172 pertinentibus
1092 4097 1221 4155 confinia
1233 4115 1300 4154 eum
1322 4097 1379 4154 suis
1396 4095 1529 4156 omnibus
1552 4097 1868 4170 pertinentiisrehusqov

242 4189 345 4246 exinde
353 4187 536 4255 auterre,sad
546 4186 648 4242 omnia
656 4186 686 4241 in
700 4187 803 4243 eodem
818 4189 882 4245 loco
891 4189 1044 4262 pernostri
1093 4186 1202 4245 cunetis
1212 4187 1367 4260 usquehuc
1377 4185 1532 4259 acquisitis,
1543 4187 1750 4256 vihasscilicet,
1760 4183 1868 4242 entatu

241 4277 382 4352 privilegii
395 4275 596 4332 auctoritatem
606 4275 774 4349 perenniter
783 4281 923 4332 maneant
930 4277 1042 4340 dotata.
1092 4294 1159 4334 cum
1173 4277 1289 4333 illarum
1303 4275 1495 4349 pertiuentiis,
1510 4276 1674 4347 parochias,
1694 4275 1871 4343 fundassent

243 4367 433 4426 &oredimus
447 4365 534 4422 etiarn
547 4365 668 4438 praetato
676 4365 773 4421 abbati
783 4369 813 4421 et
831 4361 1080 4425 successoribusD
1093 4367 1210 4434 casales,
1218 4364 1349 4432 costales,
1363 4367 1454 4420 terras
1466 4364 1608 4420 emtasvel
1621 4363 1755 4432 incultas,
1766 4375 1870 4432 campos

242 4458 300 4514 suis
313 4457 439 4513 chrisma
452 4455 489 4510 de
502 4468 673 4527 quacunque
683 4453 751 4510 sede
762 4455 824 4527 ojus
838 4455 980 4527 placuerit
996 4473 1042 4514 re·
1093 4458 1187 4520 silvas,
1197 4455 1408 4527 vincas,prata,
1417 4469 1556 4526 pecorum
1570 4470 1688 4526 pascua,
1703 4453 1871 4522 cremone

243 4545 310 4619 cipi,
322 4546 366 4600 vel
381 4543 499 4600 clericos
516 4559 616 4599 eorum
634 4541 798 4601 ordinandi.
813 4543 918 4616 Siquis
931 4549 1042 4615 autem,
1092 4546 1175 4614 laria,
1189 4560 1289 4617 aquas,
1309 4559 1452 4616 aquarum
1475 4542 1587 4612 ductos,
1604 4544 1666 4601 vias
1697 4539 1868 4604 molendinas,

242 4635 320 4708 quod
333 4650 391 4690 uon
402 4631 664 4704 optamus,nciario
676 4647 746 4690 ausu
754 4634 972 4704 presumpserit
981 4635 1043 4692 haec
1092 4631 1403 4692 molendinarioscum
1425 4631 1482 4688 suis
1509 4633 1690 4706 caputaquis,
1715 4634 1745 4686 et
1768 4629 1872 4704 piscato·

242 4739 308 4795 quae
321 4738 337 4777 n
351 4721 435 4778 nobis
446 4721 477 4776 in
490 4720 594 4776 eodem
603 4723 702 4776 sancto
714 4720 1002 4790 loeoconcessasunt,
1013 4726 1043 4780 et
1093 4723 1153 4792 riis,
1164 4720 1342 4790 cumsaliuis‚
1353 4723 1384 4777 et
1392 4719 1512 4777 clibanis
1519 4720 1619 4793 piceis,
1630 4721 1733 4778 omnia
1742 4715 1871 4792 acquisita.

242 4811 356 4869 anobis
366 4824 418 4880 pro
433 4809 587 4865 stabilitate
598 4810 661 4882 jam
672 4808 739 4865 dicti
754 4810 922 4866 monasterii
937 4814 1043 4868 statuta
1092 4813 1138 4867 vel
1161 4810 1339 4883 acquirenda
1365 4808 1463 4866 Sancti
1486 4809 1600 4866 llertini
1626 4809 1756 4866 cenobio
1770 4808 1797 4863 in
1813 4802 1870 4858 valle

241 4902 318 4970 sunt,
334 4899 492 4970 refragare,
517 4900 567 4952 aut
593 4897 623 4951 iu
651 4914 799 4971 quoquam
826 4901 1044 4972 praesumpserit
1094 4898 1651 4971 ConfluentiinmonteCauigouensiin
1666 4915 1738 4972 paee
1747 4895 1872 4960 tanam&

240 4986 415 5060 transgredi,
430 4985 499 5041 sciat
513 5001 542 5040 se
558 4985 651 5042 nostri
664 4987 858 5042 anathematis
871 4987 983 5044 vinculo
1001 4988 1043 5044 in·
1092 4988 1239 5061 possidere
1254 4988 1316 5044 sine
1330 4987 1449 5060 alicujus
1459 4987 1668 5060 inquietudinis
1679 4987 1784 5043 damno
1795 4983 1872 5038 neue

240 5079 393 5144 nodatum,
421 5078 451 5130 et
473 5089 539 5130 cum
566 5073 694 5142 diabolo,
715 5078 744 5130 et
772 5076 834 5147 ejus
854 5076 1042 5132 atrocissimis
1091 5078 1194 5135 vimus.
1211 5076 1369 5134 Statuimus
1383 5079 1482 5132 autem
1505 5080 1545 5144 ut,
1570 5076 1689 5149 quaudo
1705 5070 1872 5143 mhuipsius

239 5168 353 5242 pompis
381 5168 467 5237 atque
480 5163 554 5218 luda
567 5163 707 5218 traditore
725 5164 841 5220 Domini
858 5165 951 5220 nostri
976 5167 1041 5222 lesu
1090 5166 1260 5223 monasterii
1275 5165 1388 5235 obierit,
1406 5181 1500 5238 neque
1511 5165 1660 5237 stragibus,
1668 5179 1787 5238 nequae
1801 5153 1871 5213 comi
1960 5235 1961 5250 χ

240 5257 352 5314 Christo
365 5253 466 5312 veterni
483 5251 609 5308 incendii
628 5252 768 5323 supplicio
780 5255 1039 5312 concremandum.
1089 5255 1177 5324 tibus,
1193 5271 1286 5328 neque
1301 5273 1318 5312 a
1331 5255 1524 5328 qualicunque
1540 5270 1666 5328 persona
1678 5248 1871 5327 cupiditatispt·
1960 5251 1961 5260 ’

238 5348 275 5402 tt
285 5361 353 5402 vero
368 5340 759 5418 quipiointuituobservator
769 5339 797 5395 in
812 5342 1040 5402 omnibusexsti-
1091 5344 1183 5400 cuniae
1193 5361 1287 5412 causa,
1305 5361 1399 5416 neque
1408 5358 1467 5415 pro
1475 5343 1667 5416 qualicunque
1682 5333 1868 5398 tatorisiueuis

237 5435 316 5504 terit,
331 5433 494 5492 custodiens
510 5431 596 5504 hujus
608 5428 977 5502 nostriprivilegiistatuta,
989 5433 1041 5488 be·
1090 5431 1302 5505 gloriaibidern
1314 5433 1527 5489 constituantur
1544 5431 1680 5501 abbates;
1698 5421 1868 5485 sodooonois

237 5521 408 5582 nedictionis
416 5522 563 5596 gratiama
572 5518 969 5576 misericordissimoDomino
980 5521 1039 5578 Deo
1090 5520 1198 5577 ibidem
1210 5520 1380 5593 degentibus
1386 5520 1533 5576 servisDei
1539 5519 1699 5576 seeundum
1708 5519 1794 5573 munt
1802 5513 1867 5584 juxta

235 5614 334 5670 nostro
350 5609 546 5681 multipliciter
559 5605 860 5681 consequaturetvitae
868 5611 985 5664 osterna
995 5610 1037 5665 el·
1091 5609 1237 5666 benedicti
1252 5609 1344 5665 Petris
1359 5609 1492 5682 regulam
1509 5608 1655 5682 eligentur
1674 5606 1796 5664 abbates.
1810 5599 1867 5656 0⁰⁰·

233 5696 1036 5777 ticimereaturparticepsinsoculasaeoulorum.hmeu.
1090 5697 1241 5756 ttrtnamos
1264 5714 1345 5774 ergo,
1364 5701 1394 5754 et
1421 5697 1583 5758 stabilimus
1607 5697 1713 5758 amodo
1741 5697 1771 5753 ut
1786 5688 1864 5750 nultus
