3992 6180
73 456 148 516 ild?
705 451 786 512 vlla
804 447 1124 512 subministremus.
1677 453 1746 511 isus

72 581 288 651 muniuerunt,
298 577 545 650 ririreoerabiles,
555 579 640 655 regni
649 580 890 638 videlicetorien·
901 579 931 642 A
942 597 1011 638 num
1023 598 1031 651 ;
1041 581 1258 656 etappreheosa
1271 580 1334 653 ejus
1347 579 1565 646 dentermcensa
1578 574 1747 650 placationis

73 663 114 726 tis
128 670 184 743 (35)
198 669 302 736 nuntii,
311 685 379 726 cum
390 687 458 742 rega
467 673 536 726 tunc
545 671 737 743 hospitantes:
750 689 821 746 quos
831 672 888 742 ille,
939 685 990 725 seu
1001 670 1089 726 ctiam
1102 669 1401 742 dignitatis'osculatus
1412 673 1453 724 est
1473 666 1565 738 illum,
1582 665 1746 740 ducensque

76 759 161 834 quasi
188 759 251 830 jam
271 758 370 814 exsilio
392 758 555 829 deputatus,
578 760 656 816 allud
679 761 732 818 sibi
750 761 888 835 ignorans
939 757 976 813 ad
989 758 1197 814 sacerdotalem
1212 758 1391 826 cathedram,
1412 756 1607 828 olimponens
1621 751 1745 810 illumin

72 848 230 906 consilium
244 862 397 919 aggressus
411 851 464 916 est,
481 847 510 904 id
535 863 621 904 orans
636 867 673 905 ne
683 866 713 906 se
728 851 888 908 relictoma
939 861 1016 912 sana,
1031 845 1118 901 dixit:
1133 847 1199 902 Esto
1210 845 1285 902 sedis
1296 845 1376 900 istius
1388 845 1522 919 princeps
1536 842 1746 918 potensquein·

70 953 145 1010 rege
157 935 211 1008 ipsi
222 936 398 1002 desererent,
406 936 457 992 sed
465 952 561 992 secum
574 937 610 992 ad
621 937 745 1010 patriam
757 939 888 1011 quamvis
939 950 1042 998 sessor,
1057 937 1086 990 et
1100 933 1250 1006 praeseotis
1264 933 1395 990 Ecclesiae
1404 931 1587 989 fidelissimus
1602 931 1705 998 ebbas3
1717 933 1746 988 el

70 1026 112 1081 ed
126 1024 288 1082 incolatum
304 1023 505 1097 perducerent.
531 1027 569 1080 At
590 1026 630 1081 illi
644 1027 786 1084 moestitioe
799 1027 887 1100 ipsius
937 1021 1144 1095 quidquidtibi
1159 1023 1196 1078 ad
1210 1022 1298 1079 divini
1322 1024 1414 1079 cultos
1433 1024 1624 1095 augmentum
1648 1021 1691 1076 vel
1708 1018 1746 1077 ad

70 1111 298 1184 compatientes,
314 1111 534 1185 spoponderunt
551 1111 578 1168 ei
598 1131 719 1186 quaeque
744 1115 828 1188 regni
844 1115 886 1172 sui
939 1125 1028 1166 sacrae
1040 1112 1148 1182 regulae
1163 1112 1395 1184 supplementum
1404 1111 1440 1166 de
1452 1109 1571 1184 propria
1585 1106 1746 1166 adminicu-

71 1200 244 1265 commoda,
255 1199 278 1256 si
293 1216 390 1256 secum
405 1199 594 1256 comitaturus
605 1201 708 1258 adiret.
937 1197 1047 1254 latione
1070 1198 1203 1266 deluerit,
1225 1214 1280 1270 ego
1301 1197 1372 1254 illud
1392 1197 1475 1272 regia
1495 1196 1628 1270 largitate
1643 1197 1745 1252 devote

110 1288 342 1361 turbatisque
356 1305 406 1344 rex
421 1304 488 1344 mox
504 1289 595 1345 altera
609 1290 665 1359 die,
690 1307 748 1364 quo
776 1308 807 1348 se
830 1308 889 1349 uua
937 1287 1087 1360 supplebo.
1527 1277 1535 1292 ⁸

67 1393 140 1434 cum
153 1376 209 1432 suis
228 1392 311 1432 more
334 1377 418 1432 solito
438 1377 648 1447 jucundaretur
675 1380 834 1436 venabulo:
859 1387 888 1441 et
975 1377 1018 1430 ili.
1034 1375 1123 1448 Igitur
1138 1378 1202 1446 post
1228 1376 1289 1432 hasa
1313 1390 1410 1430 servus
1429 1372 1481 1429 Ilei
1508 1372 1746 1444 liunstanusjam
1841 1417 1846 1424 .

69 1466 144 1522 dom
173 1466 210 1521 ad
224 1464 307 1520 silvas
318 1465 447 1521 venaturi
461 1467 645 1536 perveniunt,
664 1467 788 1525 diversos
803 1470 888 1524 calles
937 1461 1044 1519 dictam
1057 1463 1227 1535 dignitatem
1237 1461 1404 1536 jussurcgis
1414 1461 1535 1534 regendi
1546 1461 1639 1534 gratia
1652 1477 1745 1516 susce·

69 1569 297 1610 nemorosorum
309 1552 459 1609 tramitum
471 1555 603 1611 certatim
614 1555 766 1628 arripiunt.
779 1557 814 1612 Et
821 1574 888 1614 ecee
937 1551 993 1624 pii:
1006 1555 1036 1608 st
1046 1553 1101 1610 hoc
1116 1551 1252 1624 praedicto
1264 1551 1352 1608 modo
1378 1550 1597 1608 saluberrimam
1612 1549 1640 1606 S.
1654 1551 1746 1605 Bene-

69 1659 107 1698 ex
122 1642 296 1698 multimodo
324 1642 564 1698 corniculantium
588 1645 707 1716 strepitu
723 1661 886 1718 canumque
936 1639 1004 1695 dicii
1023 1657 1146 1714 sequens
1156 1640 1377 1706 institutionem,
1391 1639 1502 1712 primus
1516 1638 1606 1694 abbas
1619 1635 1673 1708 (36)
1687 1638 1746 1692 An·

67 1731 189 1797 latratu,
206 1730 290 1786 molti
305 1746 456 1786 cervorum
471 1731 566 1786 levem
579 1732 679 1804 lugam
694 1733 837 1789 inierunt:
851 1750 885 1790 ex
936 1729 1149 1800 gbcaenationis
1158 1729 1275 1785 enituit:
1288 1728 1384 1801 sicque
1393 1730 1586 1800 spontaneum
1599 1741 1634 1780 ex
1641 1724 1746 1782 affectu

67 1819 175 1892 quibus
191 1835 240 1874 rex
250 1820 327 1876 solus
337 1833 403 1874 eum
418 1833 525 1875 canum
539 1824 654 1876 caterva
669 1839 759 1878 unum
774 1822 885 1878 sibive-
934 1814 1745 1884 cordisiamulotumDeoredderedevovebatluncergos

68 1907 884 1983 naturusexcepit:etbuncdiuperdiversadeviaequina
934 1903 1746 1978 perprudeosopilio,primumseptaclnustrorummona·

67 1995 201 2066 agilitate
211 1995 571 2068 canumqueinsectatione
578 1996 718 2068 fatigavit.
733 1998 883 2054 Esteutem
934 1994 1010 2050 sticis
1023 1993 1152 2050 aediliciis
1168 1994 1337 2066 ceterisque
1356 1989 1620 2056 immunitionibus,
1640 1987 1744 2060 utjam

67 2083 110 2138 ibi
127 2083 157 2138 in
170 2082 311 2156 proximis
325 2082 394 2138 loeis
408 2083 539 2154 Ceoddis,
569 2084 717 2156 quoddam
731 2084 809 2141 inter
827 2085 884 2142 alia
935 2074 1744 2156 olimaquodamsenesibidenotatumparrerelationem

66 2171 154 2244 plura
166 2171 278 2244 praecisi
294 2171 403 2227 montis
413 2171 616 2244 precipitium,
632 2172 707 2228 mira
721 2173 838 2245 quidem
853 2177 883 2229 et
934 2171 1086 2238 socraten
1101 2170 1276 2242 omoiperte
1294 2167 1415 2224 tirmiter
1442 2163 1580 2232 musivis
1606 2161 1657 2218 ubi
1677 2178 1744 2218 oses

66 2260 215 2315 immensa
225 2258 421 2330 profunditate
433 2259 572 2314 devexum
585 2277 591 2315 ι
603 2261 639 2316 ad
648 2261 725 2332 quod
735 2261 811 2316 idem
826 2278 884 2318 cer·
933 2256 1106 2321 Dominiras,
1120 2257 1208 2328 longe
1224 2257 1338 2328 lateque
1355 2253 1500 2327 gregatim
1514 2252 1658 2318 sollertes,
1675 2264 1744 2305 nea

66 2363 130 2413 vus,
147 2346 242 2402 nescio
259 2361 316 2418 quo
331 2349 427 2418 pacto,
457 2345 510 2401 nisi
527 2347 624 2403 arilei
640 2348 882 2404 etocsultoarbi-
933 2347 1000 2417 lupo
1024 2343 1158 2400 invisibili
1180 2343 1400 2410 dilaniarentur,
1425 2339 1594 2396 includeret.
1619 2336 1741 2406 Deinde,

65 2434 138 2502 trio,
150 2434 288 2506 fugiendo
299 2434 429 2502 devenil;
441 2437 470 2489 et
484 2451 612 2506 praeceps
625 2451 686 2491 sese
697 2435 727 2490 in
742 2435 881 2508 imaejus-
933 2431 1012 2488 idem
1020 2431 1290 2504 Ileidogmatizator
1298 2424 1491 2503 aggregatum
1504 2423 1742 2484 ooenobiumsibi·

65 2522 137 2577 dem
162 2521 320 2594 precepitii
337 2539 393 2578 ona
416 2539 483 2578 cum
502 2521 621 2578 canibus
634 2523 820 2596 sequentibus
834 2524 884 2580 de·
933 2536 990 2592 que
1003 2519 1190 2576 commissum
1200 2518 1290 2574 divini
1300 2515 1379 2574 verbi
1389 2516 1612 2589 coepitlomsoto
1622 2511 1742 2579 nutrire,

67 2609 183 2677 mersit,
203 2613 232 2664 et
251 2609 444 2680 particulatim
459 2609 548 2665 attriti
574 2610 604 2665 io
630 2613 756 2666 mortem
775 2612 885 2683 pariter
933 2610 964 2663 et
976 2608 1057 2665 tonte
1072 2623 1305 2680 supernosacrce
1315 2605 1421 2660 seilicet
1435 2602 1590 2675 Scripturae
1603 2598 1743 2658 melliiluo

65 2699 253 2752 corruerunt.
270 2696 410 2753 Similiter
424 2701 521 2753 autem
533 2700 563 2753 et
574 2713 622 2753 rex
637 2715 882 2770 sequenscervum
934 2695 1108 2751 documento
1123 2697 1234 2767 potare,
1245 2695 1410 2763 docenspar
1429 2693 1564 2763 augustas
1579 2689 1664 2760 buius
1679 2687 1743 2744 vitm

66 2787 102 2839 et
118 2801 216 2850 canes,
229 2801 296 2841 curu
308 2801 416 2858 magno
427 2785 623 2859 valentiaequi
635 2786 747 2858 impetu
756 2789 842 2858 venit,
853 2795 884 2847 et
933 2783 1049 2840 semitas
1063 2783 1099 2838 ad
1109 2781 1351 2838 aeteroasdalicias
1360 2779 1509 2852 epularum
1516 2777 1674 2834 coelestium
1681 2791 1742 2830 esse

65 2872 169 2927 statim
196 2871 254 2927 viso
280 2872 438 2945 precipitio
464 2889 579 2928 eorsum
605 2873 789 2930 accelerantis
804 2875 881 2948 equi,
932 2860 1609 2940 transeundum.Patetnamqueomnibuspene
1622 2863 1745 2919 circum·

65 2961 213 3031 quantum
240 2959 340 3032 quibat
351 2959 469 3028 viribus,
484 2961 610 3016 retinere
625 2963 744 3017 conatus
758 2966 811 3018 est.
825 2963 882 3018 Sed
933 2975 1046 3030 quaque
1064 2956 1205 3024 fidelibus,
1226 2956 1314 3028 quod,
1334 2957 1399 3028 post
1423 2967 1581 3026 paucorum
1599 2965 1743 3006 annorum

65 3047 212 3121 quoniam
227 3048 293 3103 colli
312 3048 491 3104 contumacis
505 3052 535 3104 et
559 3050 659 3122 rigidae
681 3049 797 3107 cervicis
808 3054 881 3120 erat,
931 3044 1173 3116 intercapedines.
1187 3043 1318 3116 discipuli
1333 3058 1405 3114 quos
1417 3041 1478 3112 ipse
1492 3043 1608 3095 teneros
1622 3036 1651 3093 io
1666 3052 1742 3092 verse

67 3151 133 3190 non
145 3135 246 3206 potuit.
265 3135 338 3200 uuio
350 3135 460 3192 multa?
474 3135 558 3193 Omni
571 3138 691 3209 spcvitae
702 3155 760 3194 suaa
775 3139 880 3210 ablata,
893 3142 917 3203 c
931 3123 1742 3202 fideiritem,CbristumvidelicstetDominum,sundendo
1811 3179 1817 3195 Κ

67 3222 101 3276 in
122 3238 229 3278 manus
254 3223 304 3279 llei
323 3223 366 3279 soi
386 3224 514 3280 animam
537 3227 761 3295 commendavit,
784 3227 882 3282 dicens
931 3221 1103 3290 inseruerat,
1117 3219 1243 3276 ubertim
1267 3217 1444 3283 crescebant,
1473 3216 1503 3270 et
1532 3214 1658 3268 iructum
1672 3211 1741 3268 boni

67 3311 176 3364 umen
191 3310 268 3366 intra
284 3327 328 3366 se:
344 3311 453 3367 Gratias
475 3312 527 3367 tibi
553 3328 619 3384 ago,
638 3312 791 3381 ditissime,
806 3315 883 3387 qood
934 3309 1028 3382 operis
1037 3307 1184 3377 morigera
1205 3307 1352 3362 venustate
1374 3303 1516 3360 ferebant.
1526 3299 1664 3374 Quodque
1678 3295 1745 3372 posi

70 3412 122 3452 me
134 3413 193 3452 non
207 3397 328 3454 memini
351 3398 476 3471 aliquem
503 3400 547 3454 his
575 3401 675 3457 diebos
699 3401 814 3471 lusisse,
830 3404 885 3461 nisi
934 3402 997 3456 boec
1010 3397 1126 3472 plurimi
1139 3386 1742 3466 Ecclesiarumpastores,documentisillius

67 3484 166 3540 sulum
176 3485 374 3542 Dunstanum:
388 3490 417 3542 et
429 3487 781 3561 bocpromptavoluntate
792 3491 887 3548 etvita
936 3493 966 3546 et
977 3487 1116 3561 exemplis
1130 3486 1271 3554 instructi,
1284 3484 1321 3540 ad
1335 3483 1457 3539 diversas
1476 3480 1538 3552 jam
1561 3477 1687 3534 civitates
1697 3476 1743 3531 ael

70 3576 187 3629 servata
200 3575 399 3630 reconciliatus
413 3575 467 3630 sibi
489 3576 661 3632 emendabo.
679 3578 723 3632 dd
740 3580 818 3650 quod
840 3581 885 3636 di·
935 3579 972 3634 ad
986 3578 1043 3634 alie
1056 3579 1220 3633 sanctorum
1234 3575 1298 3630 loca
1307 3565 1490 3645 petebantur,
1505 3565 1589 3624 electi
1603 3568 1634 3620 ut
1648 3565 1744 3620 essent

68 3663 167 3729 ctum,
182 3661 260 3718 beati
277 3662 330 3718 viri
344 3661 465 3731 meritis,
491 3663 594 3718 restitit
609 3681 698 3736 equos
718 3665 809 3738 (quod
818 3667 884 3738 jam
935 3666 1007 3724 inibi
1022 3665 1095 3722 sacri
1109 3662 1260 3736 regiminis
1275 3664 1304 3716 et
1317 3675 1429 3715 normae
1440 3657 1558 3729 justitie
1573 3654 1743 3721 imbutores,

74 3747 446 3816 horraodiceretinullimo
456 3749 606 3823 praecipitii
614 3753 785 3825 cespite,ubi
796 3757 884 3827 pedes
934 3752 1081 3828 prepositi
1099 3751 1241 3818 videlicet,
1256 3747 1368 3814 decani,
1387 3744 1516 3810 abbates,
1532 3740 1657 3813 episcopi
1672 3739 1742 3813 (37),

71 3835 187 3907 priores
201 3837 269 3910 equi
280 3837 367 3910 ipsius
379 3855 454 3911 pene
469 3839 586 3894 fuerant
610 3839 641 3896 in
665 3840 725 3896 ima
743 3843 885 3914 voragini-
934 3843 1023 3900 etiam
1038 3837 1253 3912 archiepiscopi,
1268 3835 1380 3892 caeteris
1394 3851 1429 3889 ex
1440 3830 1589 3888 ordinibus
1603 3831 1742 3900 praestan-

69 3925 188 3981 rnitnri.
202 3925 338 3983 Tonsille
352 3926 558 3999 cordepariter
576 3929 816 3987 etoremaximes
825 3935 884 3989 Deo
935 3930 1045 3988 tissimi·
1073 3928 1240 3998 Quicunque
1266 3927 1364 3980 autem
1391 3921 1427 3976 de
1451 3916 1620 3990 discipulatu
1654 3913 1742 3987 ipsius

74 4029 131 4085 pro
140 4012 203 4069 ritae
213 4031 271 4070 suos
281 4014 462 4070 restitutione
472 4015 766 4087 gratiasraierebatet
775 4019 883 4090 luridos,
934 4019 1036 4085 iisdem
1066 4013 1245 4087 temporibus
1270 4007 1417 4081 corporeis
1441 4004 1560 4062 nexibus
1588 4003 1743 4058 finetenus

71 4116 173 4156 secum
187 4102 273 4173 plane
282 4102 459 4175 intelligens,
471 4105 500 4158 et
514 4103 618 4175 sepius
633 4103 662 4160 in
678 4105 808 4164 cordium
819 4125 886 4164 suo·
935 4105 1062 4173 enodati,
1073 4119 1176 4159 necem
1199 4099 1348 4157 subierunt
1370 4091 1576 4162 inevitabilem,
1586 4091 1644 4146 atta
1657 4088 1742 4162 polo·

72 4203 144 4244 rum
158 4188 274 4245 seeretis
292 4205 529 4261 recompensans,
547 4208 577 4248 se
596 4207 658 4247 esse
676 4207 729 4264 pro
749 4195 822 4251 tanti
835 4194 886 4252 viri
935 4212 1002 4252 rom
1017 4187 1326 4266 gaudiaproouldubio
1337 4183 1490 4258 petierunt.

75 4273 887 4351 vindictallnitimmmortilermedeputatumetvenien,
974 4288 1016 4342 lo.
1034 4284 1163 4353 Cumque
1186 4281 1319 4334 veternos
1333 4273 1441 4330 invisor
1461 4271 1559 4326 ments
1586 4264 1741 4341 perspicaci

73 4362 210 4431 domum,
222 4363 308 4434 jussit
317 4364 369 4421 sibi
382 4380 506 4439 propere
527 4366 556 4422 Β.
581 4368 761 4424 Dunstauum
777 4381 922 4444 magdal)
935 4369 1110 4444 comperiret
1121 4367 1305 4442 quodbeatos
1314 4365 1408 4428 Pater,
1418 4359 1553 4433 equidem
1566 4357 1740 4423 Dunstsuus,

68 4465 139 4504 cum
153 4450 338 4508 festinatione
353 4453 495 4509 advocari.
507 4452 563 4517 uui
578 4470 644 4510 cum
659 4459 775 4513 vocatus
788 4459 883 4515 venis·
932 4463 1028 4517 tantas
1038 4458 1092 4513 sibi
1102 4459 1212 4511 turmas
1223 4451 1386 4524 diripiendo
1398 4467 1414 4506 e
1424 4441 1739 4505 manibusaxtorsisseti

68 4539 125 4604 set,
141 4537 183 4592 ait
195 4539 232 4593 ad
246 4555 314 4594 eom
326 4555 389 4596 rex:
407 4539 519 4596 Festina
532 4542 702 4615 quantocius
716 4550 881 4617 praeparore
930 4547 1079 4623 fraudibus
1093 4544 1311 4618 quibuscunque
1325 4537 1413 4595 valuit
1431 4533 1575 4594 adversari
1589 4531 1654 4600 sibi,
1665 4531 1739 4590 sieut

68 4623 123 4678 ubi
136 4625 288 4694 caballum,
300 4631 332 4683 ut
345 4628 435 4701 possis
450 4643 564 4684 mecum
578 4647 665 4701 parvo
675 4632 813 4689 comitatu
823 4653 881 4708 quo
927 4639 991 4711 jam
1003 4633 1134 4704 superius
1145 4630 1224 4703 loqui
1235 4626 1530 4700 coepimus,diabusac
1539 4621 1670 4678 noctibus
1679 4635 1739 4676 non

67 4711 163 4768 ituram
183 4728 248 4770 sum
263 4714 314 4771 ire.
331 4716 365 4772 Et
377 4717 527 4786 continuo,
546 4719 670 4774 ascensis
688 4721 778 4792 equis,
804 4724 881 4782 riam
931 4722 1059 4781 cessarit.
1075 4718 1282 4792 Namquadam
1295 4714 1467 4783 noctc,dum
1478 4712 1587 4768 athleta
1601 4709 1651 4766 liei
1662 4707 1740 4764 inira

68 4817 138 4872 qnae
152 4801 230 4856 ducit
244 4803 420 4860 Glastoniam
440 4808 519 4861 recto
532 4806 648 4862 treanta
668 4809 836 4879 tenuerunt3
853 4807 883 4866 et
932 4814 1013 4884 septa
1024 4812 1214 4866 claustrorum
1232 4801 1399 4877 psalmodiis
1424 4799 1582 4872 vigiliisque
1605 4800 1740 4853 constans

67 4903 137 4942 oum
161 4889 228 4945 illuc
248 4890 352 4946 ducatu
380 4895 584 4964 pervenerunt,
614 4895 746 4951 ecclesias
771 4897 832 4965 Dei,
851 4911 884 4964 ot
932 4884 1738 4968 immoraretur,apparuiteiDaiethominnminimicos·

67 4975 209 5046 oportuit,
226 4978 335 5034 oraturi
350 4979 541 5037 intraverunt.
566 4983 601 5036 Et
623 4981 732 5050 statim,
750 4985 884 5056 precibus
932 4986 1060 5060 hispidus
1074 4987 1103 5040 et
1117 4984 1238 5038 horrens
1250 4980 1281 5035 iu
1304 4978 1404 5036 ursina
1424 4977 1528 5050 specie,
1552 4975 1652 5032 volens
1670 4990 1737 5031 eum

68 5063 198 5135 impletis
224 5065 363 5138 tersisque
395 5068 492 5124 ocellis
521 5085 536 5123 e
561 5070 754 5141 lacrymarum
775 5071 882 5144 rivulis,
933 5072 1149 5148 quodammodo
1164 5074 1244 5126 torva
1257 5066 1465 5140 imaginatione
1479 5068 1652 5139 perterrere,
1662 5066 1692 5118 et
1702 5061 1738 5116 ab

67 5167 120 5206 rex
132 5151 235 5210 iterato
250 5159 400 5213 vocaverat
413 5158 450 5213 ad
469 5173 499 5212 se
522 5158 664 5214 famulum
689 5158 740 5215 liei
759 5162 882 5218 Donata.
933 5149 1738 5236 operesatissibicontrariodolositatisinduatriaaliqua·

103 5258 162 5324 (ssi
179 5256 315 5340 Orientale
329 5277 443 5334 regnum
458 5261 588 5335 intelligo
598 5262 751 5334 Euserium,
761 5268 883 5324 orr'enlo·
932 5283 999 5340 pag.
1014 5272 1040 5334 8,
1057 5267 1246 5338 archiepiscopi
1259 5267 1287 5321 et
1301 5265 1414 5336 episcopi
1432 5261 1607 5318 econrentu
1626 5256 1753 5314 Glasto·,

64 5325 118 5380 um
134 5327 297 5388 Samiam·
932 5338 987 5394 niae
1002 5339 1039 5394 ad
1050 5339 1175 5394 diversas
1189 5337 1269 5392 sedes
1283 5335 1376 5402 electi,
1392 5337 1421 5390 et
1432 5330 1567 5388 iotarhos
1581 5329 1736 5382 censentur

102 5397 160 5478 tili)
176 5398 334 5482 Nempe‚ut
348 5402 375 5457 in
392 5403 523 5475 sequenti
533 5403 595 5458 Vita
606 5403 750 5460 osbernus
757 5422 839 5462 num.
851 5408 877 5474 l,
950 5409 1053 5464 roximi
1069 5409 1098 5466 S.
1115 5408 1255 5464 llunstani
1276 5419 1451 5462 successores
1476 5397 1651 5469 sculpam,
1677 5395 1735 5452 sire

64 5483 118 5539 qui
133 5469 287 5553 Glastoorsa
297 5476 365 5528 tunc
378 5478 462 5530 erant
473 5475 617 5542 monaehi,
630 5476 820 5532 moirasticam
835 5493 878 5532 co·
955 5479 1080 5551 delporus
1093 5483 1123 5536 et
1135 5477 1241 5534 Siricus
1265 5478 1322 5533 sive
1347 5477 1381 5532 Si
1398 5475 1491 5537 ericus,
1515 5472 1579 5549 tum
1634 5470 1660 5522 st
1673 5465 1733 5524 brec

65 5539 167 5593 lebant
182 5554 298 5614 proprio
311 5545 473 5614 gentissuce
488 5544 573 5600 ritua
588 5545 877 5604 Benedictinodiver·
926 5549 1113 5623 Actascriptu
1124 5549 1156 5606 S.
1172 5547 1347 5630 Eiotepuset
1384 5543 1487 5598 uotam
1501 5555 1559 5595 arva
1601 5539 1731 5611 petasatus.

66 5609 91 5662 si
103 5609 222 5678 simum,
238 5615 353 5685 qualem
370 5615 447 5670 idem
467 5615 610 5672 osbernus
624 5616 768 5674 describit.
925 5620 1279 5692 Plorasepiscopi.ih1dem
1292 5615 1465 5675 indicentur·

102 5679 161 5748 (37)
172 5679 238 5736 tete
250 5682 430 5740 deducuntur
440 5687 519 5741 tome
532 5687 553 5741 l.
565 5686 714 5744 monastici
724 5689 874 5761 lloglicani
