3944 6186
666 371 745 432 vira
756 371 787 430 S.
801 373 956 433 bustim
968 371 1112 432 aamlrs

295 663 564 753 noanon
602 665 663 753 m
701 663 1056 762 ornacuaun-
1091 665 1477 767 subsannans.
1593 609 1599 618 “

399 840 494 914 (apua
507 841 620 898 unica.
631 841 704 895 nen
717 837 770 897 sa.
787 837 1156 908 miserescentem.
1172 839 1384 912 amanam.)
1494 889 1501 904 .

120 1088 273 1162 Fragmenta
282 1084 414 1156 quasdam
429 1081 555 1138 referam
570 1098 603 1137 er
619 1081 767 1152 herigero,
781 1083 884 1137 abbate
895 1081 1038 1149 bobiensi,
1072 1082 1100 1136 ui
1116 1081 1205 1137 libros
1217 1082 1289 1139 duos
1301 1084 1343 1140 De
1359 1085 1416 1141 rita
1428 1085 1456 1143 S.
1471 1087 1598 1144 Cremari
1608 1087 1721 1148 abbatis

91 1165 167 1217 metro
178 1156 261 1212 edidit
274 1155 325 1210 sub
335 1154 452 1208 initium
466 1153 605 1220 saeculixr,
614 1153 801 1225 idemqueres
813 1155 909 1232 gestas
919 1151 947 1207 S.
956 1099 1105 1207 tandeim
1116 1149 1266 1208 bobiensis
1277 1156 1445 1212 monasterii
1455 1159 1625 1228 conditoris,
1633 1160 1720 1218 etiam

91 1231 196 1286 versibus
208 1225 338 1282 reddidit.
347 1225 503 1348 Utramque
513 1221 588 1278 hanc
598 1223 726 1293 llerigeri
741 1223 970 1278 lucubrationem
986 1239 1018 1278 er
1029 1222 1205 1278 bibliotheca
1216 1226 1390 1295 percelebris
1400 1229 1569 1286 monasterii
1578 1229 1607 1285 S.
1624 1229 1720 1288 Vitoni

89 1300 151 1372 apud
157 1297 335 1352 verodunum
347 1294 442 1365 accepi
476 1293 596 1348 eneflcio
609 1293 736 1364 religiosi
749 1309 782 1347 ac
795 1292 900 1348 eruditi
914 1293 966 1346 riri
981 1294 1184 1348 Bartholomrei
1197 1293 1310 1362 Senocl,
1329 1297 1482 1370 theologiae
1495 1300 1620 1368 lactoris,
1630 1302 1720 1358 amici

89 1371 145 1436 mei,
156 1368 210 1441 qui,
220 1365 299 1421 seriis
314 1365 381 1420 licet
394 1363 496 1418 studiis
505 1367 666 1436 occupatus,
674 1363 754 1435 operi
765 1367 864 1418 nostro
871 1363 1015 1435 suppetias
1028 1363 1103 1418 lerre
1117 1381 1176 1419 non
1186 1369 1287 1420 cessat.
1299 1368 1330 1420 ln
1344 1383 1398 1422 ms.
1414 1369 1511 1425 codice
1521 1371 1558 1426 ad
1570 1375 1720 1428 matrane-

90 1441 161 1495 misso
172 1437 269 1509 legitur
282 1437 344 1491 haec
359 1433 506 1504 inscriptio
521 1451 528 1488 z
544 1434 573 1488 ln
590 1434 699 1488 Canrsrr
714 1449 818 1488 noerae
834 1450 932 1488 iscrrrr
945 1433 1047 1489 ViraS.
1058 1435 1178 1490 Uasuaru
1194 1451 1374 1492 acarassoms
1393 1454 1484 1500 arona
1498 1457 1654 1508 romaricus,
1671 1459 1720 1499 vr·

88 1526 208 1565 samnius
223 1507 334 1561 flentem
347 1505 515 1576 (legendum
528 1503 790 1568 flauresnrtaesans
801 1519 944 1558 rrnusrma
958 1521 1048 1559 uerno
1062 1521 1223 1560 reinerio
1235 1523 1396 1562 uononrsrcs
1411 1525 1569 1575 corrosam,
1583 1510 1722 1568 nimirum

88 1579 180 1635 duobus
189 1577 274 1643 libris,
291 1592 349 1632 uno
360 1576 395 1631 de
407 1575 567 1641 virtutibus,
584 1574 642 1628 alio
653 1574 688 1629 de
702 1573 846 1628 miraculis
857 1575 885 1629 S.
899 1574 1035 1629 Ursmari.
1052 1575 1141 1631 Primi
1153 1575 1219 1630 libri
1234 1578 1288 1632 boc
1297 1578 1448 1634 exordium
1461 1583 1505 1635 est
1518 1597 1526 1636 :

422 1644 517 1698 Primo
527 1661 678 1715 supremum
688 1647 758 1697 mira
769 1646 896 1714 uertiptne
905 1644 999 1699 calum

419 1715 530 1785 Assians
542 1721 637 1769 corneto
652 1714 704 1768 Dei
712 1715 778 1784 serit
794 1716 926 1784 sapientia
939 1716 1048 1771 summi.

85 1789 139 1843 Post
149 1787 302 1913 lslecundum¹
319 1785 425 1841 librum
440 1787 469 1840 in
484 1785 586 1841 codem
596 1783 752 1856 exemplari
765 1785 949 1842 continenter
957 1786 1106 1857 subjicitur
1119 1786 1223 1842 eodem
1233 1787 1319 1845 metri
1329 1806 1438 1863 genere
1449 1790 1515 1848 Vara
1529 1791 1559 1848 S.
1571 1793 1721 1852 Lannstmt

85 1873 138 1912 cum
169 1875 199 1913 oc
213 1858 321 1913 initio:

419 1924 559 1995 inpertitus
575 1925 686 1980 Genitor
691 1943 742 1996 per
760 1924 876 1980 Verbum
885 1929 1086 1995 concitarentur,
1121 1913 1127 1926 ⁸

420 1995 459 2049 Et
473 1997 585 2052 Genitos
597 2013 709 2064 reqnans
720 2004 787 2050 natu
796 1997 930 2066 fabricata
939 1997 1102 2069 padernum.

84 2065 140 2129 Oua
155 2067 222 2136 llita,
239 2066 355 2122 tametsi
375 2066 500 2122 auctoris
513 2083 621 2122 nomeu
642 2083 701 2121 non
721 2067 848 2137 praelert,
873 2066 936 2122 lleri
959 2068 1000 2122 eri
1019 2072 1118 2124 tamen
1140 2085 1201 2124 esse
1218 2087 1387 2142 persuasum
1403 2071 1497 2128 babeo
1513 2075 1576 2131 tum
1589 2091 1625 2130 cr
1637 2071 1724 2134 simili

83 2138 154 2220 metri
172 2140 275 2209 speeie,
289 2141 352 2192 turn
366 2153 398 2204 cx
412 2137 515 2220 eadem
528 2152 615 2217 quani
627 2137 781 2217 utrobique
800 2137 884 2191 aliert
898 2155 966 2218 auc.
983 2156 998 2219 ¹.'
1010 2137 1216 2220 etymologiam
1233 2140 1422 2222 Crispiniensia
1444 2145 1613 2201 monasterii
1629 2150 1724 2203 acris·

78 2207 1138 2350 altit,‘allidatastatadstat?slitlhmlttattlh
1152 2210 1724 2354 latitat-¹:1¹laihtirllthltl

81 2346 221 2420 spicilegii.
239 2350 297 2404 Cur
309 2365 378 2404 vero
389 2352 483 2402 utram
506 2364 540 2402 ue
555 2347 628 2402 hauc
643 2347 770 2428 florigeri
786 2348 1014 2403 lucubrationem
1034 2365 1093 2404 nou
1109 2351 1256 2407 retulerim
1273 2352 1428 2424 integram,
1444 2354 1515 2410 illud
1526 2355 1557 2410 in
1572 2372 1658 2412 causa
1669 2358 1724 2414 luit

80 2419 407 2499 quodpractarercursus
439 2364 559 2499 nussiam
574 2419 842 2499 moralesrngratos
861 2419 932 2500 nihil
947 2419 1188 2502 habetdivcrsum
1204 2422 1241 2477 ab
1264 2422 1421 2502 Actisleive
1437 2422 1465 2478 S.
1482 2425 1643 2494 bandelini,
1698 2445 1723 2486 ω

78 2491 353 2627 ξιῃοζεὲιίιὲιὲἓῶυέἷνε
370 2487 399 2544 S.
453 2504 566 2557 rsmarr,
593 2504 657 2561 quse
679 2505 710 2543 ru
732 2490 786 2543 boc
810 2491 896 2544 tertio
920 2489 1029 2545 Saeculo
1042 2490 1233 2560 exhibuimus,
1248 2495 1373 2566 exceptis
1399 2494 1570 2566 quibusdam
1599 2513 1670 2552 verer
1692 2515 1726 2596 us

1293 2695 1709 2718 m

315 2812 480 2920 vira
517 2816 769 2922 sanari
794 2817 1133 2974 lunanum
1171 2820 1472 2928 unsaris

706 3027 860 3116 (Fragm.
880 3045 924 3098 ex
941 3025 1029 3098 libro
1046 3027 1089 3116 1.)

363 3213 465 3288 (Apud.
481 3213 595 3270 Manlau.
610 3212 742 3274 ActaSS.
758 3213 819 3276 ord.
835 3213 868 3272 S.
882 3213 983 3272 Bened.
999 3215 1071 3274 Saso.
1086 3217 1133 3287 111,
1149 3220 1224 3291 part.
1240 3233 1259 3287 1,
1273 3231 1339 3292 pag.
1357 3219 1430 3292 608.)

69 3459 118 3519 Sed
131 3483 209 3524 nunc
223 3485 260 3524 ex
275 3466 399 3540 reliquis
409 3465 512 3523 Christi
526 3469 657 3522 taceatur
667 3466 801 3538 alumnis,
885 3471 914 3531 A
924 3466 1082 3524 Germanus
1098 3466 1265 3538 Purisiacus,
1278 3469 1437 3526 Germanus
1452 3469 1482 3526 ct
1493 3469 1576 3538 alter,
1622 3505 1625 3512 ,

70 3549 183 3611 Lumina
198 3557 250 3630 qui
266 3556 338 3612 vites
354 3555 464 3612 mundo
478 3555 618 3628 preclara
633 3554 725 3623 luere,
925 3556 1012 3619 latam
1031 3571 1084 3628 per
1102 3572 1237 3616 normam
1258 3557 1398 3630 quoniam
1416 3574 1551 3616 meruere
1579 3561 1729 3630 coronarii,

68 3638 256 3718 lloctriuaque
270 3661 326 3701 sua
339 3641 748 3717 repleruntundiquecuncta.
925 3642 992 3698 Fert
1013 3635 1132 3714 Gothus,
1151 3644 1303 3714 Ausonius,
1327 3646 1432 3715 Gallus,
1455 3648 1573 3721 Scytha,
1599 3647 1729 3720 Noricus,

68 3723 149 3798 Celsa,
162 3731 215 3787 libi
223 3732 360 3805 geminae
373 3731 539 3797 mittuntur,
553 3730 657 3791 Roma.
666 3730 821 3799 columma,
1619 3735 1728 3808 lindus,

66 3814 156 3875 Petrus
169 3835 240 3876 cum
260 3821 367 3888 Paulo,
380 3834 504 3892 quorum
518 3818 641 3874 lundata
654 3819 803 3892 triumpho
925 3816 1071 3886 flabroaus,
1082 3820 1206 3888 Graecus,
1223 3821 1381 3890 Romanus,
1397 3822 1541 3880 Barbarus
1551 3824 1659 3885 omnis.

65 3901 202 3964 Primatus
219 3925 329 3966 arcem
340 3909 483 3982 quadrum
498 3907 655 3982 praetendis
668 3907 697 3964 iu
708 3908 821 3965 orbem.
924 3904 1040 3963 'l'alibus
1051 3905 1182 3962 Ecclesiae
1196 3906 1356 3964 fautoribus
1372 3907 1501 3982 undique
1519 3909 1602 3966 llrme

64 3991 84 4044 ll
101 3995 203 4065 quibus
216 3997 356 4070 insigues
369 3996 485 4052 illorum
501 4011 608 4069 nempe
620 4011 756 4068 sequaces
928 3991 1049 4050 obstant
1062 3992 1218 4050 imbriferis
1230 3997 1317 4050 vento
1333 3996 1481 4067 quatiente
1499 3998 1644 4070 procellis,

66 4078 246 4156 Sumpsimus
263 4088 413 4153 auctores,
429 4085 507 4140 illinc
522 4084 605 4141 nobis
621 4085 779 4142 venientes.
927 4079 1055 4153 Desuper
1069 4084 1098 4137 et
1109 4084 1224 4156 petram
1239 4086 1389 4155 nequeunt
1404 4083 1552 4156 trepidare
1567 4084 1695 4145 ruinam.

64 4167 139 4227 Clara
153 4173 301 4248 Dionysio
316 4176 385 4229 tunc
399 4173 490 4230 Gallia
505 4171 657 4229 Parisieusi
927 4167 1069 4241 Tempore
1085 4168 1251 4241 promeritas
1265 4170 1404 4227 sedarunt
1417 4170 1527 4228 coalitus
1539 4172 1591 4229 irre

65 4254 181 4317 Credula
195 4261 295 4318 divini
309 4260 435 4334 suscepit
450 4259 561 4316 lemine
571 4260 662 4316 verbi.
929 4253 1052 4320 Quidam
1067 4258 1400 4331 terrores,plebis1uala
1418 4264 1499 4332 gesta
1509 4260 1632 4332 piantes.

62 4343 93 4399 Et
105 4347 243 4406 Clemens
256 4347 514 4408 Mediomatricum
529 4347 632 4404 missus
647 4347 684 4403 ad
696 4349 810 4417 urbem,
929 4341 1073 4400 Servatius
1083 4346 1223 4402 servando
1237 4345 1326 4402 fldem
1341 4350 1436 4404 serrat
1449 4353 1624 4421 pereuntem

63 4431 164 4490 Educet
176 4437 210 4492 in
230 4439 337 4494 solum
348 4435 458 4492 vicinos
475 4435 593 4491 credere
611 4434 770 4495 Christum.
930 4432 1045 4488 orando
1059 4435 1210 4508 populum,
1223 4434 1387 4507 Traiectum
1411 4435 1486 4492 lorte
1500 4452 1662 4496 resumam.

61 4521 227 4582 treveribus
243 4524 330 4582 terni
340 4524 496 4582 mittuntur
507 4523 594 4580 cordo
613 4523 692 4580 lldeli
930 4520 1048 4577 llemica
1061 4522 1225 4594 Remigium
1242 4521 1370 4579 celebrat
1384 4522 1464 4596 plebs
1483 4541 1565 4582 sacra
1576 4529 1733 4600 moratum,

62 4606 176 4688 irinum
187 4613 334 4687 personis
347 4613 516 4679 Dominum,
528 4611 635 4668 deitate
650 4610 701 4667 sed
718 4629 808 4668 uuum
930 4607 1051 4664 Francia
1064 4609 1208 4684 baptismo
1227 4627 1280 4684 per
1294 4626 1382 4683 quem
1398 4616 1545 4669 recreatur
1560 4611 1591 4669 iu
1606 4615 1695 4672 almo.

63 4695 652 4776 Crederequidoceantpopulumlaracro
662 4699 880 4760 renovandum:
931 4697 1023 4770 Digna
1038 4698 1225 4771 conspicuum
1239 4699 1385 4756 veneraris
1400 4698 1661 4770 lflssdssvttdasluma

63 4783 173 4844 Scilicet
184 4787 367 4856 Eucherius,
380 4789 528 4851 ldartinus.
542 4786 738 4861 Valeriusque.
891 4789 917 4848 B
931 4786 1091 4854 attrabata,
1104 4788 1168 4842 tuas
1178 4785 1301 4858 dignum
1309 4787 1437 4843 relevare
1445 4787 1553 4846 ruinas.

66 4870 161 4932 Credit
175 4875 379 4951 agrippinus,
391 4875 458 4932 ildei
469 4876 501 4930 llt
515 4877 630 4950 Tunger
645 4878 790 4937 alumnus.
932 4874 1099 4930 hademare
1113 4875 1207 4930 salum
1219 4873 1363 4930 Morinum
1372 4874 1490 4932 frenare
1503 4881 1609 4947 suetus,

67 4960 263 5037 Propugnaut
275 4966 371 5021 iortes
381 4963 485 5020 Christi
497 4964 600 5020 virtute
614 4965 723 5021 duelles
933 4963 989 5018 Nec
1004 4962 1056 5019 libi
1066 4963 1190 5035 Neptuni
1203 4963 1346 5020 mandans
1362 4981 1501 5022 concessa
1515 4965 1645 5038 tridenti,

65 5045 213 5110 Nitentem
229 5057 301 5110 toto
317 5053 436 5125 laqueos
449 5052 630 5124 praetcndere
641 5053 763 5124 mundo,
935 5050 988 5106 His
1002 5067 1069 5107 cum
1084 5051 1200 5108 Bertino
1213 5067 1284 5125 quos
1299 5052 1397 5109 turbat
1411 5057 1517 5125 pontus
1532 5055 1643 5112 adesto.
1732 5053 1734 5060 ’

66 5137 278 5215 Decipiturque
295 5157 350 5196 sua
364 5141 509 5211 perfossus
518 5145 636 5213 guttura
648 5141 760 5214 praeda,
969 5139 1116 5211 Insignem
1134 5137 1245 5196 meritis
1258 5141 1433 5197 liutbertum
1448 5141 1663 5199 Cameracensis

67 5223 273 5287 occumbente
286 5227 348 5284 flde
363 5244 416 5302 pro
431 5243 512 5284 sacra
524 5234 651 5302 martyre
666 5232 750 5299 teste,
934 5227 1028 5283 lulula
1039 5227 1236 5296 commendat,
1253 5227 1302 5300 qui
1318 5230 1492 5302 perlustrare
1505 5229 1627 5297 solebat,

66 5313 244 5374 Conlessore
262 5317 320 5391 pio
331 5317 433 5372 mortis
445 5317 591 5390 gaudente
600 5317 760 5390 triumpho,
936 5314 965 5370 Si
980 5332 1031 5371 sua
1044 5316 1223 5388 condignum
1235 5316 1325 5372 lerret
1335 5317 1488 5389 parrochia
1500 5316 1643 5372 sructura.

66 5401 122 5460 Nec
136 5406 322 5478 trepidante
338 5420 440 5462 necem
453 5405 477 5460 si
491 5404 669 5478 provenisset
684 5409 823 5468 atrocem.
934 5403 1078 5466 llorosum
1092 5404 1216 5476 cleptem
1228 5409 1409 5462 converterat
1418 5405 1465 5460 ille
1477 5403 1626 5460 ferocem:

66 5493 217 5562 Silvester,
230 5492 389 5564 Martinus,
402 5493 535 5563 Hilarius,
549 5493 787 5568 Ambrosiusque,
936 5467 1021 5564 Chiis
1035 5495 1067 5548 ut
1078 5492 1124 5549 hic
1133 5493 1223 5550 vitam
1237 5508 1401 5553 memorem
1416 5491 1584 5568 quantisper
1593 5496 1624 5551 et
1635 5496 1737 5555 ortum

66 5579 175 5644 bncius
184 5587 285 5662 atque
300 5581 407 5658 Lupus,
422 5581 563 5659 sulpicius
574 5599 608 5646 ac
619 5582 759 5656 manus,
935 5581 1062 5642 Prcclue
1075 5580 1252 5644 Francorum
1274 5581 1407 5662 odeaqra
1419 5581 1583 5660 propaffiua
1594 5584 1697 5666 natum
