4006 6178
204 355 238 417 50
861 367 1045 429 SlLVES‘fER
1062 377 1152 432 ΡΑΡΑ
1172 377 1204 434 ll.

1826 386 1863 442 60

216 482 357 556 pontifex.
368 483 425 539 Sed
438 484 577 556 quoniam
591 487 673 542 valde
682 492 744 544 erat
754 507 820 546 acer
830 510 862 549 ac
868 496 1013 566 providus,
1024 504 1053 565 Α
1096 503 1154 552 Post
1166 517 1260 554 annum
1276 507 1382 554 Romam
1393 507 1491 552 mutato
1502 503 1605 554 nomina
1621 502 1730 570 sumpsit

213 572 1013 658 intelligensArnulfumejusdcmurbisarchiepiscopum

207 678 265 734 quo
280 661 391 718 vivente
408 664 558 720 ordinatus
571 665 666 721 fuerat
678 684 711 722 ex
725 685 866 726 consensu
881 674 1011 744 ejusdem

209 753 295 824 regis,
312 751 364 807 niti
379 752 409 807 in
421 753 574 826 pristinam
585 756 739 813 reformari
752 760 947 830 sedem,caute
956 765 1011 823 iter

207 839 358 912 arripiens,
375 841 412 898 ad
424 843 871 914 predictumdevenittittonem.
882 853 1009 917 Quisatis

206 926 366 984 honorifice
392 930 428 984 ab
443 931 546 985 eodem
571 937 716 1006 susceptus
727 953 732 990 :
744 953 831 1009 quem
846 939 936 997 etiam
950 946 1007 999 sta-

204 1014 257 1070 tim
270 1016 424 1084 Ravenna,
440 1017 509 1072 inde
519 1035 585 1076 vero
602 1021 740 1080 Romana
754 1026 831 1082 urhis
844 1028 1007 1088 sublimavit

200 1103 378 1174 pontificem.
396 1125 409 1154 a

239 1195 280 1249 De
295 1193 358 1264 ipso
370 1194 496 1268 episcopi
513 1198 669 1270 provincie
676 1200 836 1271 Remensis,
848 1204 877 1260 in
889 1206 1006 1263 decreto

204 1281 354 1337 electionis
368 1283 444 1338 illius
457 1285 494 1340 ad
510 1287 646 1342 eumdem
660 1290 949 1364 archiepiscopatum,
966 1295 1006 1350 ita

202 1368 386 1442 scripserat«
398 1372 453 1426 Nos
466 1373 593 1445 episcopi
613 1377 770 1434 Remorum
781 1379 945 1450 dioeceseos,
960 1400 1004 1438 se-

202 1457 328 1512 cundum
338 1460 556 1517 constitutiones
567 1465 695 1533 Patrum,
707 1467 839 1524 favoreet
850 1472 1006 1526 conniven-

1126 568 1156 614 Ut
1166 572 1220 616 toto
1237 573 1323 630 pastor
1336 567 1408 616 tieret
1418 565 1480 615 orbe
1491 581 1580 616 novus.

1093 628 1138 677 Cui
1150 629 1256 678 nimium
1271 629 1365 694 placuit
1379 628 1466 678 sociali
1480 636 1563 678 menta
1573 629 1663 701 tidelis,

1124 691 1219 740 Obtulit
1231 691 1280 740 hoc
1295 694 1378 741 Caesar
1392 695 1480 740 tertius
1494 694 1550 740 Otto
1564 693 1613 740 situ
1670 753 1675 764 ι

1091 754 1199 818 Tempus
1217 761 1321 818 uterque
1336 755 1414 802 comit
1423 754 1491 817 clara
1500 753 1591 803 virtute
1604 755 1719 816 sophiam

1122 817 1219 866 Gaudet
1231 823 1255 865 et
1268 831 1341 866 omne
1352 819 1454 869 seclum.
1473 815 1596 880 frangitur
1606 831 1678 866 omne
1689 832 1766 866 reum.

1088 877 1212 941 clavigeri
1228 878 1309 928 instar
1325 885 1378 928 crat
1391 879 1521 938 coelorum,
1539 880 1597 928 sede
1610 880 1712 942 potitus,

1119 942 1200 989 Torua
1214 940 1332 990 suffectus
1345 940 1385 990 cui
1397 943 1451 991 vice
1466 945 1551 1004 pastor
1562 949 1626 990 erat.
1667 1003 1672 1013 ·

1089 1005 1138 1052 lete
1150 1004 1228 1051 vicem
1242 1004 1307 1052 Petri
1318 1001 1452 1068 postquam
1464 1006 1583 1067 suscepit,
1601 1004 1686 1068 abegit

1118 1065 1225 1114 lustrali
1238 1066 1318 1130 spatio
1331 1065 1425 1115 saecula
1436 1071 1517 1114 morte
1531 1067 1579 1115 sui.

1087 1126 1202 1190 Obriguit
1217 1129 1326 1177 mundus
1340 1128 1458 1178 discussa
1470 1143 1530 1193 pace
1546 1129 1698 1193 triumphus,

1119 1189 1235 1238 Eccleslae
1247 1197 1338 1240 nutans
1347 1190 1467 1240 dedidicit
1477 1191 1600 1254 requiem.

1087 1251 1187 1312 Sergius
1203 1251 1268 1300 hunc
1282 1252 1392 1301 loculum
1415 1253 1471 1301 miti
1487 1253 1578 1313 pietate
1590 1253 1718 1316 sacerdos,

1116 1315 1250 1363 Successor
1268 1330 1299 1363 ue
1310 1330 1371 1364 suus
1382 1316 1491 1378 compsit
1503 1329 1590 1364 amore
1603 1317 1652 1365 sui.

1086 1375 1202 1438 Quisquis
1215 1329 1325 1426 adhunc
1336 1377 1461 1426 tumulum
1471 1378 1564 1426 devexa
1578 1378 1672 1428 lumina
1684 1381 1771 1439 vertis,

1116 1439 1280 1502 Omnipotens
1293 1440 1395 1488 Dooiino
1409 1440 1448 1488 dic
1460 1442 1581 1489 miserere
1591 1443 1639 1490 sui.

202 1544 242 1600 tia
257 1545 405 1619 utriusque
420 1549 558 1623 principis
569 1554 672 1621 nostri,
689 1555 791 1611 domni
806 1559 933 1629 Hngonis
947 1561 1003 1614 Au·
1091 1571 1276 1627 Occasionem
1289 1572 1369 1627 dedit
1393 1573 1523 1644 fingendi
1541 1573 1634 1645 ipsum
1656 1575 1776 1648 magicis
1791 1578 1859 1634 neti.

202 1633 289 1706 gusti,
306 1637 336 1689 et
350 1636 663 1714 excellentissimiregis
674 1644 801 1714 Roherti,
813 1663 1004 1721 assensuquo·
1054 1659 1107 1714 bns
1122 1659 1252 1718 deditum
1279 1659 1374 1728 fuisse,
1388 1678 1503 1720 summa
1522 1662 1584 1734 ejus
1598 1662 1628 1718 iu
1644 1665 1858 1723 mathematicis

201 1737 257 1794 que
272 1738 374 1778 eorum
390 1725 495 1797 quilici
505 1730 610 1784 suntin
624 1733 736 1788 cleroet
750 1737 1004 1809 populo,eligimus
1054 1748 1167 1818 peritia,
1179 1749 1208 1803 in
1225 1750 1305 1805 novis
1318 1750 1475 1822 horologiis
1486 1751 1604 1823 aliisque
1620 1753 1763 1809 machinis
1773 1772 1856 1812 exco-

204 1810 288 1866 nohis
303 1812 552 1886 archiepiscopum
568 1819 704 1875 abbatem
719 1822 899 1892 Gerbertum,
918 1829 1003 1882 aetate
1017 1823 1179 1906 Bgitandis
1187 1836 1362 1893 acerrimum
1372 1838 1533 1910 ingenium,
1545 1839 1574 1894 in
1584 1841 1766 1912 perficiendis
1776 1843 1858 1900 indu-

200 1899 360 1970 mssiurumr
372 1907 477 1959 118ῑῦΓᾶ
491 1907 675 1978 prudentem,
683 1909 1002 1982 d0⁰ibilemti²ff³bllt³m
1052 1924 1132 1992 stria,
1144 1943 1207 1998 quae
1217 1925 1282 1981 rudi
1291 1928 1405 1994 saeculo,
1414 1926 1856 2004 ineruditishominibus,ahsque

200 1986 429 2047 misericordem.
446 2032 453 2044 .
482 1995 570 2066 liujus
593 1998 682 2053 vitam
708 2016 740 2055 ac
756 2017 853 2057 mores
873 2020 890 2058 a
912 2022 1001 2076 puero
1052 2013 1189 2069 familiari
1201 2013 1287 2085 genio
1302 2017 1331 2069 ct
1341 2014 1483 2071 daemonis
1495 2031 1550 2086 ope
1565 2015 1628 2072 fieri
1645 2034 1704 2073 non
1720 2035 1803 2090 posse
1815 2019 1855 2075 vi·

199 2092 343 2146 novimus,
359 2081 487 2136 studium
502 2083 531 2138 in
545 2084 647 2141 divinis
658 2105 691 2142 ac
706 2090 843 2146 humanis
857 2093 943 2148 rebus
957 2111 1003 2149 ex·
1052 2102 1206 2158 debentur.
1218 2104 1377 2158 Rumonem
1398 2103 1530 2176 ineptum
1558 2105 1636 2161 auxit
1658 2123 1773 2162 summa
1796 2109 1856 2180 ejus

196 2165 270 2236 perti
278 2183 391 2238 sumus;
406 2171 836 2249 hujuscousiliisacmagisterio
847 2181 1001 2238 informari
1052 2191 1184 2259 felicitas,
1198 2192 1276 2264 quod
1289 2209 1396 2265 nempe
1409 2193 1452 2248 vir
1473 2193 1619 2265 ignobilis,
1635 2212 1669 2251 ex
1683 2198 1808 2252 claustro
1819 2198 1857 2253 ad

197 2255 365 2324 quaerimus,
377 2257 438 2328 ejus
452 2261 624 2318 electionem
636 2265 841 2323 subscribendo
850 2271 1002 2326 coufirma-
1051 2279 1147 2335 aulem
1164 2283 1353 2351 penetrasset,
1378 2281 1455 2354 quod
1478 2281 1562 2338 facile
1586 2301 1616 2338 se
1637 2282 1811 2341 insinuasset
1826 2286 1856 2342 in

198 2354 272 2394 mus.
289 2361 303 2390 »
318 2344 414 2412 lpsum
425 2345 610 2418 GregoriusV
626 2352 754 2423 pontifex
773 2357 899 2426 optimus
913 2361 943 2412 ct
955 2376 1000 2414 ec·
1051 2367 1210 2424 amicitiam
1223 2369 1397 2441 principum,
1414 2371 1492 2443 quod
1503 2371 1766 2446 archiepiscopatus
1783 2375 1856 2432 duos

198 2427 999 2514 clesiasticrestudiosissimuspisciplinaeadltavenuatem
1049 2456 1147 2512 Gallim
1161 2462 1190 2512 et
1203 2458 1292 2512 ltalia
1306 2458 1463 2530 primarios
1486 2459 1669 2530 obtinuisset,
1682 2478 1716 2517 ac
1736 2462 1855 2520 demum

198 2517 479 2592 archiepiscopatum
492 2527 594 2595 erexit,
609 2530 764 2606 multisque
778 2536 891 2590 ornavit
912 2537 999 2608 privi-
1050 2544 1086 2600 ad
1099 2546 1198 2600 sedem
1209 2546 1388 2618 pontificiam
1403 2551 1476 2603 esset
1495 2552 1656 2621 provectus.
1671 2572 1685 2600 o
1700 2551 1765 2606 llaec
1791 2553 1854 2608 vul·

196 2603 279 2677 logiis
293 2608 330 2664 ob
346 2610 453 2667 eximia
466 2614 527 2685 ejus
537 2616 653 2672 merita.
908 2690 915 2699 ,
1051 2634 1160 2706 gariter
1172 2635 1239 2690 ficta
1257 2635 1298 2705 tut
1325 2636 1457 2692 Willelmi
1480 2637 1741 2695 ldalmeshuriensis
1759 2641 1855 2697 verbis

233 2693 412 2767 Stephanum
422 2700 1000 2788 Ungarorumregemsanctissimum,qui
1050 2724 1854 2797 utamuri,eoquodsoleatpopuluslitteratorumfamam

197 2783 379 2842 Pannoniam
392 2789 429 2843 ad
440 2789 543 2846 Christi
557 2792 646 2850 fidem
662 2798 846 2869 perduxerat,
858 2804 934 2875 regis
946 2823 997 2860 no·
1050 2811 1165 2878 laedere,
1182 2812 1279 2868 dicens
1296 2813 1377 2870 illum
1409 2815 1487 2887 loqui
1502 2832 1568 2871 cum
1594 2816 1739 2884 demone,
1767 2835 1854 2890 quem

193 2871 273 2927 mine
286 2875 424 2948 regioque
439 2879 603 2938 diademate
617 2883 780 2942 Silvesterll
790 2891 997 2963 cohonestavit,
1049 2899 1079 2954 in
1096 2899 1192 2973 aliquo
1204 2901 1308 2957 viderit
1319 2905 1506 2958 excellentem
1519 2920 1617 2977 opere.
1635 2905 1716 2960 Unde
1740 2907 1854 2964 Boetius

196 2976 311 3016 crucem
327 2967 394 3020 ante
404 2965 510 3040 ipsum,
520 2985 572 3025 ceu
587 2975 882 3050 apostolatusinsigue
891 2983 998 3054 gestari
1049 2987 1078 3042 in
1089 2988 1162 3044 libro
1178 2989 1214 3044 de
1225 2989 1427 3046 Consolatione
1438 2991 1626 3063 philosophias
1633 2993 1764 3065 queritur
1785 3012 1852 3068 pro-

191 3050 286 3125 jussit,
300 3054 433 3110 ecclesias
447 3056 478 3111 iu
495 3059 555 3129 ejus
579 3059 737 3118 ditionibus
751 3068 919 3125 constitutas
943 3072 1031 3166 ipsic
1046 3079 1112 3150 pter
1126 3077 1753 3150 studiumsapientiaesedetalibusnotatum,
1770 3084 1851 3156 quasi

193 3140 368 3198 ordinandas
390 3144 516 3218 reliquit,
533 3146 761 3221 strigoniensem
778 3156 945 3229 Ecclesiam,
961 3178 996 3218 eo
1046 3166 1250 3221 conscientiam
1258 3183 1339 3222 suam
1350 3169 1499 3240 sacrilegio
1507 3170 1654 3240 polluisset
1666 3171 1702 3226 ob
1710 3171 1853 3227 ambitum

190 3234 314 3300 rogante
329 3234 516 3306 metropolim
531 3239 690 3308 constituit,
704 3247 822 3300 caeteros
836 3248 994 3322 episcopos,
1046 3252 1204 3324 dignitatis.
1216 3255 1280 3309 Non
1290 3257 1473 3326 conveniebat,
1488 3257 1592 3330 iuquit,
1609 3259 1797 3314 vilissimorum
1809 3278 1850 3316 me

189 3319 366 3392 gentemque
374 3323 996 3395 totamapostolicabenedictioueconflrma-
1044 3344 1186 3412 spiritaum
1194 3345 1324 3414 prasidio
1347 3352 1463 3416 captare,
1500 3363 1578 3418 quem
1612 3353 1640 3400 ta
1662 3349 1691 3401 io
1715 3348 1784 3402 hunc
1805 3365 1851 3404 cr-

190 3405 239 3472 vit,
252 3410 283 3461 ut
312 3411 433 3465 testatur
448 3411 601 3472 Cartuitius
614 3418 799 3491 episcopusin
823 3425 922 3483 VitaS.
935 3427 995 3484 Ste·
1044 3429 1192 3486 coloniam
1221 3433 1402 3504 componebas,
1426 3441 1457 3490 ut
1480 3435 1644 3490 consimilem
1658 3437 1715 3492 Deo
1732 3437 1846 3507 faceres,

190 3493 279 3566 phani
293 3496 370 3567 regis
382 3498 574 3571 Ungarorum,
587 3507 664 3577 apud
674 3508 801 3582 Surium,
818 3514 855 3568 ad
871 3514 949 3570 diem
960 3519 994 3572 to
1043 3519 1132 3591 Atqui
1153 3521 1203 3577 lior
1216 3524 1271 3592 ἰρεο
1292 3522 1412 3577 videmur
1424 3523 1519 3593 affines
1540 3524 1680 3593 maleficio,
1705 3525 1777 3598 qaod
1799 3530 1851 3582 turs

188 3578 318 3654 Augusti.
333 3585 444 3642 Arnulfl
456 3589 605 3648 liemensis
618 3596 824 3672 archiepiscopi
840 3604 995 3661 restitutio·
1045 3607 1140 3663 imbuti
1167 3610 1323 3682 discpilim's,
1357 3614 1409 3666 tuis
1434 3613 1551 3666 instituti
1578 3613 1696 3668 moesus
1716 3632 1817 3669 nimus.
1834 3636 1848 3665 a

188 3686 257 3725 nem
267 3674 592 3736 confirmavitSilvester
602 3685 634 3752 ll,
644 3701 678 3740 ea
687 3691 994 3760 arteacprudentia,ut
1044 3695 1154 3766 ingenii
1168 3700 1197 3752 et
1211 3698 1381 3754 eruditionis
1395 3717 1454 3755 suae
1465 3702 1607 3756 nonnulla
1620 3701 1738 3774 reliquit
1747 3719 1851 3761 monu-

188 3757 223 3814 iis
237 3777 301 3833 quse
317 3763 346 3818 in
361 3764 457 3837 ipsum
465 3770 618 3841 scripserat
626 3775 821 3833 emulationis
833 3782 992 3836 etconten-
1044 3787 1143 3840 menta
1158 3783 1290 3842 Silvester
1317 3789 1351 3855 ll,
1365 3788 1470 3844 librum
1492 3788 1598 3844 scilicet
1624 3789 1660 3844 de
1672 3789 1846 3860 Geometria,

189 3848 276 3904 tioms
290 3851 419 3924 ingenio,
431 3860 460 3912 et
475 3859 546 3914 actis
557 3862 659 3933 synodi
674 3864 824 3922 Remensis
839 3867 934 3941 inqua
945 3870 992 3926 de.
1043 3887 1130 3942 quem
1145 3873 1175 3927 in
1188 3873 1362 3932 bibliotheca
1377 3877 1554 3933 Faruesiana
1567 3877 1709 3950 selegisse
1722 3881 1845 3937 testatur

187 3938 297 4010 positus
311 3941 416 4014 fuerat,
433 3963 491 4002 non
513 3949 677 4021 derogaret,
694 3957 723 4008 et
735 3955 809 4010 sedis
827 3959 991 4028 apostolicae
1042 3958 1845 4037 OnuphriusPanvinusimtdnotationibusadplatinam,

95 4085 97 4092 ,
187 4029 352 4086 auctoritati
371 4036 543 4092 consuleret.
559 4038 640 4096 Unde
656 4045 685 4096 et
711 4053 799 4099 reatus
825 4050 991 4105 conscientie
1040 4046 1845 4113 librumdeNumcrisadConstantinnmmonachumFlo

186 4120 330 4188 meminit,
344 4125 374 4177 et
389 4125 546 4196 quibusdam
556 4130 703 4186 excessibus
718 4134 873 4202 pontificati
892 4138 990 4194 tonare
1040 4135 1214 4204 riacenscm,
1226 4143 1255 4194 et
1269 4141 1421 4212 plerasque
1445 4143 1582 4212 epistolas
1596 4143 1708 4208 breves,
1723 4161 1787 4216 qua
1801 4162 1846 4200 ex-

185 4209 325 4277 priootum
341 4213 443 4267 asserit
456 4215 485 4268 in
501 4217 623 4288 epistola
650 4220 687 4274 ad
711 4220 805 4292 ipsum
829 4225 949 4294 data;et
964 4228 989 4283 ei
1041 4228 1117 4280 stant
1129 4228 1236 4299 partim
1249 4228 1278 4282 in
1295 4229 1429 4285 Biblioth.
1456 4231 1522 4297 PP.,
1543 4230 1627 4286 editae
1651 4249 1684 4288 ex
1703 4232 1767 4288 cod.
1794 4235 1845 4289 Pa·

186 4295 338 4352 subvenire
349 4299 473 4380 sedicit,
487 4306 519 4358 ut
535 4307 601 4376 quia
626 4308 685 4376 ejas
709 4309 841 4367 abdicatio
869 4313 990 4372 Botriano
1041 4313 1115 4384 pyrii
1128 4315 1260 4382 llassoni,
1280 4316 1386 4388 partim
1403 4321 1475 4373 tom.
1488 4320 1511 4372 ll
1521 4318 1652 4374 Historiae
1667 4321 1843 4377 Francorum

185 4399 291 4439 assensu
314 4390 413 4456 caruit,
430 4389 560 4448 Romane
576 4397 684 4465 pietatis
712 4417 819 4456 manere
840 4412 987 4474 reparetur.
1003 4395 1162 4459 DAndreae
1177 4405 1341 4460 buchesnii.
1362 4406 1482 4478 Scriptae
1497 4412 1565 4463 sunt
1580 4412 1647 4464 ante
1662 4409 1843 4480 illiusponti·

185 4471 262 4528 Obiit
275 4474 484 4535 Silvesterlllt
508 4481 572 4537 llaii
601 4501 677 4541 anno
694 4487 797 4544 Christi
824 4495 901 4564 l003‚
923 4510 988 4552 cum
1040 4491 1168 4560 ficetum,
1183 4496 1214 4548 et
1228 4495 1375 4550 nonnullae
1393 4498 1461 4550 sunt
1485 4495 1722 4552 inloannemllll
1746 4499 1843 4569 ponti-

183 4579 275 4619 aunos
290 4569 413 4637 quatuor
428 4571 458 4622 et
470 4585 584 4626 menses
595 4575 654 4628 tres
669 4577 712 4630 vcl
726 4581 986 4657 quatuorspdisset
1039 4581 1122 4635 licem
1139 4582 1299 4638 maximum
1315 4583 1456 4639 duriores.
1483 4585 1613 4640 Gerberti
1633 4586 1785 4657 epistolam
1806 4588 1842 4642 ad

184 4652 306 4724 lpsihoc
328 4656 509 4728 epitaphium
535 4661 631 4733 posuit
664 4662 780 4739 Sergius
808 4669 985 4743 leontiiex
1038 4668 1259 4725 Constantinum
1270 4672 1842 4746 monachumfloriacensemllespherae

182 4741 330 4812 llaximus,
349 4747 427 4818 quod
442 4749 589 4805 Bennonis
603 4753 829 4826 calumniam,ab
841 4760 903 4814 aliis
918 4762 986 4816 sim·
1036 4758 1259 4828 constructione,
1275 4762 1304 4815 et
1319 4777 1485 4816 sermonem
1501 4762 1652 4834 egregium
1659 4762 1843 4819 lleinforma-

181 4830 346 4902 pliciorihus
356 4837 385 4888 et
396 4834 483 4891 nimis
496 4839 620 4896 credulis
632 4844 981 4920 scriptoribusexceptam,
1035 4845 1115 4900 tione
1130 4847 1344 4920 episcoporum,
1362 4849 1453 4905 edidit
1464 4851 1494 4904 P.
1523 4849 1702 4906 ldabillouius
1723 4852 1804 4906 tomo
1820 4853 1843 4906 ll

177 4919 306 4977 funditus
326 4924 464 4980 subvertit
477 4943 484 4980 :
1033 4933 1169 4991 Veterum
1178 4938 1398 4993 Analectorum.
1416 4939 1516 4994 Eidem
1529 4938 1731 4994 ascribendum
1743 4942 1843 4994 censet

1033 5022 1212 5079 tihellumin
1225 5026 1383 5097 quemdam
1399 5025 1549 5098 Porphyrii
1578 5027 1686 5090 locum,
1702 5027 1782 5099 cujus
1796 5027 1841 5082 Li-

974 5160 977 5185 ,
1033 5111 1100 5166 belli
1115 5113 1247 5185 praefatio
1268 5114 1305 5169 ad
1326 5113 1513 5170 Ottonemlll
1539 5115 1750 5186 imperatorem
1764 5115 1843 5171 edita

1031 5202 1075 5254 est
1085 5203 1166 5257 tomo
1182 5203 1421 5262 ldnalectorum.
1436 5203 1571 5276 Ejusdem
1589 5203 1796 5272 Geometriam,
1813 5208 1843 5260 et

1030 5288 1324 5362 llhythmomachiam
1336 5293 1364 5350 in
1375 5293 1703 5352 bibliothecaeThuaueae
1718 5310 1773 5349 ms.
1799 5309 1845 5349 co·

1030 5378 1093 5435 dice
1102 5384 1213 5438 exstare
1221 5401 1289 5440 mox
1301 5382 1620 5442 laudatusldahillonius
1630 5385 1842 5440 testaturtomo

1032 5470 1056 5524 ll
1072 5471 1291 5544 Analectorum,
1307 5490 1373 5547 pag.
1392 5478 1454 5532 ale.

210 5081 260 5134 lste
273 5080 345 5132 locus
357 5085 443 5135 muudi
455 5087 565 5138 silvestri
581 5092 694 5141 membra
706 5094 796 5158 sepulti

239 5145 348 5194 venturo
362 5147 465 5198 Domino
479 5151 593 5202 conferet
608 5153 642 5202 ad
654 5156 763 5205 sonitum

206 5210 283 5266 Quem
295 5207 399 5260 declarat
408 5213 504 5262 mundo
520 5216 644 5264 celebrem
655 5217 802 5269 doctissima
815 5223 886 5287 virgo

237 5276 315 5334 Atque
326 5278 403 5336 caput
414 5275 500 5324 mundi
515 5277 627 5327 culmina
639 5280 768 5331 Romulea.

207 5333 320 5382 Primum
331 5335 466 5387 Gerbertos
477 5339 566 5389 meruit
581 5343 738 5407 francigena
750 5348 808 5394 sedo

237 5398 366 5446 flamensis
376 5399 463 5472 populi
474 5403 636 5466 metropolim
650 5405 749 5469 patrie.

203 5459 262 5509 luds
274 5460 427 5512 Ravenmtu
441 5467 535 5514 meruit
546 5467 716 5518 conscendere
726 5483 853 5522 summum

233 5522 351 5574 Ecclesiae
363 5524 476 5590 regimen
488 5526 582 5618 nobilse,
593 5529 681 5596 sicque
693 5538 782 5596 potens
