3952 6176
114 409 159 469 tlt
740 403 942 468 chronicon
959 403 1137 469 VENE'l'Ulb
1720 409 1773 475 898

112 531 149 590 sir
158 529 333 590 Credensem
346 527 496 590 ecclesiam
510 527 595 590 annis
618 531 652 590 oo
675 537 710 603 ⁸⁸,
722 533 944 606 sepultusqueA
958 533 1183 608 namquesedcs,
1191 549 1255 608 qua
1260 535 1380 610 proprio
1392 537 1508 611 pastore
1515 537 1771 611 racueeidebatur,
1890 531 1893 536 ’

112 621 159 680 tuit
176 621 206 678 in
229 621 320 678 mneti
338 621 423 678 lterci
441 621 552 695 capella
574 623 630 694 lib)
654 625 719 695 post
739 625 907 678 sanctorum
957 621 1215 680 tohannidiacono
1228 626 1348 682 cleotoa
1363 626 1448 699 plebe
1463 627 1558 684 luerat
1577 629 1733 687 adtributa.

112 714 265 784 martyrum
289 712 445 768 mausolea.
462 710 554 776 ouem
577 711 711 768 successit
735 711 908 768 Fortunatus
993 713 1060 766 Post
1074 711 1191 784 aliquod
1205 716 1399 789 verotempus
1415 715 1588 772 Fortunatus
1604 717 1769 791 patriarcha
1866 779 1869 784 ,

112 801 144 857 ed
155 800 318 874 regendam
330 799 490 856 ecclesiam.
957 816 1023 857 cum
1032 799 1210 858 christoforo
1221 803 1356 876 episcopo
1366 806 1401 861 de
1409 806 1695 880 Franciarepedavit.
1704 808 1771 874 Qui·

141 889 249 946 Eodem
260 903 374 962 quoque
385 891 515 962 ternpore
527 891 651 946 domnus
660 889 776 947 Carolus
784 891 910 946 Franco·
958 889 1011 946 bus
1019 905 1085 945 cum
1094 890 1137 945 ias
1146 907 1206 946 uon
1216 895 1291 947 essct
1303 893 1457 950 veneciam
1468 895 1669 968 penetrare,ln
1678 897 1769 954 saneti

107 995 167 1036 mm
177 995 229 1034 rex
244 978 356 1034 Roman
372 977 442 1033 adiit
456 978 513 1050 (on.
530 979 592 1048 ooo,
609 979 675 1034 Dec.
689 979 746 1052 25),
763 979 860 1052 ibique
872 979 908 1034 ab
959 978 1084 1050 Cipriani
1095 979 1224 1048 ecclesia,
1232 980 1318 1052 plebe
1329 981 1578 1042 scilicetAltinatis
1589 985 1726 1058 episcopii
1745 993 1771 1030 ⁸⁸

109 1066 260 1142 apostolice
275 1070 429 1123 coronatus
451 1071 480 1122 et
503 1069 605 1124 unctus
620 1067 706 1124 estin
719 1069 907 1142 imperatore.
958 1083 1022 1139 quae
1038 1067 1108 1123 scita
1128 1071 1171 1124 est
1184 1068 1260 1140 apud
1283 1069 1441 1127 llistrinam
1454 1073 1519 1144 (ill,
1546 1073 1660 1146 ospitati
1674 1078 1704 1130 ct
1718 1074 1770 1130 ali·

105 1158 209 1214 henna
223 1158 266 1212 est
290 1172 418 1229 namque
433 1157 552 1212 llereuis
566 1160 697 1229 augusta,
714 1175 778 1231 quse
794 1160 909 1214 rexerat
959 1155 1772 1233 quamdincommoratisunt.Verumpostquamdomuus

106 1245 256 1318 imperium
267 1245 352 1300 annis
360 1247 388 1313 8,
399 1247 430 1300 et
437 1245 585 1317 Nicylorus
596 1246 746 1318 imperiale
758 1246 909 1319 fastigium
961 1242 1136 1300 Fortunatus
1151 1245 1322 1303 Christoiori
1338 1248 1463 1320 episcopi
1485 1250 1584 1305 sedem
1604 1265 1622 1306 a
1639 1251 1771 1308 iohanne

105 1335 220 1406 adeptum
234 1335 286 1390 cst.
303 1333 395 1398 ouem
411 1332 530 1406 qnidam
551 1335 710 1403 tirrannus,
721 1335 840 1391 Turcbis
855 1351 909 1391 no·
960 1331 1082 1388 diacono
1092 1333 1196 1404 injuste
1207 1338 1376 1406 usurpatam
1386 1336 1494 1404 didicit,
1504 1353 1620 1410 prorsus
1629 1338 1730 1408 doluit,
1743 1341 1773 1396 et

106 1423 190 1491 mine,
206 1437 317 1495 magna
331 1421 517 1494 expedicione
530 1423 661 1494 stipatus,
675 1427 794 1479 conatus
809 1426 852 1479 est
873 1424 911 1480 ad
959 1422 1082 1477 tractare
1093 1421 1300 1479 studiosissime
1313 1423 1388 1497 cepit
1399 1425 1522 1498 qualiter
1536 1426 1589 1482 sibi
1604 1426 1723 1497 lateret,
1740 1433 1772 1484 ut

107 1511 236 1586 prelium
255 1525 422 1584 provocare.
437 1509 495 1566 Sed
509 1515 646 1584 augustus
660 1527 727 1567 cum
742 1512 784 1567 sui
795 1512 910 1585 imperii
960 1525 1026 1565 eum
1036 1510 1072 1565 ad
1082 1510 1337 1583 propriamsedem
1347 1513 1499 1570 restituere
1508 1517 1614 1590 posset.
1624 1516 1772 1573 lohannes

108 1617 176 1673 pene
190 1599 293 1656 ornnie
307 1600 371 1655 loca
385 1601 485 1655 contra
497 1603 671 1672 tyrrannum
688 1603 827 1671 tueretur,
844 1605 909 1656 tan·
959 1597 982 1654 si
998 1597 1116 1668 quidem
1127 1599 1281 1672 praedictus
1292 1599 1430 1657 diaconus
1445 1603 1572 1674 quadam
1587 1603 1633 1659 die
1649 1621 1715 1660 cum
1727 1605 1772 1661 in·
1850 1641 1853 1654 .

108 1688 256 1746 inmmodo
281 1689 377 1744 solum
390 1688 567 1744 tarsaticum
594 1688 741 1745 destruere
765 1689 861 1763 potuit
875 1697 908 1749 ⁸⁷.
959 1689 1058 1742 cautus
1073 1687 1140 1755 iret,
1162 1703 1179 1744 a
1203 1689 1361 1746 Fortunato
1382 1691 1548 1764 patriarcha
1570 1695 1709 1764 captuset
1722 1694 1772 1751 diu

113 1778 296 1835 Postmodum
317 1791 385 1834 vero
412 1775 557 1849 predictus
591 1776 739 1834 tirrannus
766 1777 909 1849 penitens
960 1775 1093 1831 detentus
1107 1778 1160 1832 est.
1178 1776 1235 1832 Sed
1247 1779 1279 1832 ut
1293 1778 1471 1850 excogitaret
1485 1780 1556 1852 quid
1570 1781 1606 1836 de
1622 1781 1671 1837 illo
1685 1799 1772 1856 agere

114 1867 182 1941 good
195 1869 301 1922 contra
313 1865 463 1938 impericia
477 1881 586 1922 numen
599 1865 717 1938 aliquod
732 1866 813 1923 netas
830 1883 911 1939 pere-
960 1863 1090 1936 deberet,
1106 1867 1191 1921 nocte
1203 1865 1274 1937 iuga
1286 1867 1381 1939 lapsus
1393 1867 1491 1936 evasit,
1502 1871 1531 1924 ct
1546 1869 1688 1926 instanter
1700 1870 1773 1928 obe-

111 1957 198 2030 gisset,
215 1955 336 2011 devotus
348 1957 378 2011 et
389 1970 511 2011 cernuus
520 1971 603 2010 suam
616 1955 764 2011 adinvenit
773 1956 908 2027 gratiam.
959 1952 1075 2008 lierium
1087 1952 1189 2009 ducem
1200 1954 1298 2009 adivit.
1309 1954 1360 2010 Cui
1370 1971 1437 2011 cum
1447 1972 1482 2011 ea
1491 1973 1546 2030 que
1562 1974 1660 2030 passus
1676 1961 1773 2017 aror-

142 2045 300 2100 i’relibatus
315 2043 459 2116 siquidem
473 2043 645 2100 Fortunatus
660 2045 824 2118 patriarcha
837 2045 910 2102 ecri-
960 2041 1273 2098 tunatolueratordine
1282 2042 1429 2112 recitaret,
1441 2045 1540 2116 pocius
1551 2046 1629 2102 ducis
1638 2047 1771 2106 animum

112 2135 150 2190 ter
160 2133 261 2190 dolens
270 2131 502 2188 interiectionem
512 2131 555 2188 sui
566 2133 722 2189 decessoris
732 2137 761 2189 et
770 2132 909 2206 parentis,
960 2129 1094 2186 adversus
1104 2129 1229 2186 eundem
1238 2131 1579 2204 patriarcheminodium
1590 2141 1772 2210 quamantea

113 2221 222 2278 insidias
239 2221 376 2277 adversus
396 2220 563 2278 ltauricium
588 2223 618 2276 et
641 2221 805 2277 iohannem
824 2220 910 2278 duces
960 2221 1035 2274 esset
1049 2217 1192 2275 excitarit.
1203 2217 1313 2275 Tamen
1326 2223 1494 2279 consulente
1507 2224 1683 2298 patriarcha,
1692 2227 1773 2285 Chri·

114 2309 266 2384 composnit
279 2317 314 2378 ⁸⁸,
329 2311 359 2365 et
370 2308 471 2364 relicta
483 2309 552 2365 sede
567 2309 676 2381 etJurbe
688 2310 725 2365 ad
736 2309 847 2366 ltaliam
860 2326 910 2382 pe·
959 2306 1084 2364 stolorus
1107 2308 1206 2364 sedern
1220 2323 1302 2364 suem
1313 2309 1434 2366 undem
1448 2319 1473 2354 ⁴⁰
1485 2311 1605 2386 recepit,
1624 2315 1772 2374 lohannes

113 2396 211 2454 rente
224 2395 256 2467 *3
271 2411 360 2471 quem
374 2397 463 2453 etiam
484 2399 597 2454 secutus
619 2399 663 2452 est
685 2397 804 2469 quidam
819 2397 911 2453 trihu·
959 2409 1028 2451 vero
1041 2394 1179 2451 diaconus
1192 2411 1323 2452 reversus
1338 2400 1382 2453 est
1406 2398 1443 2454 ad
1463 2401 1613 2472 propriam
1638 2403 1770 2462 domum.

116 2503 160 2542 nus
173 2484 341 2543 obstiterim
352 2486 472 2543 nomine
481 2485 726 2554 Hetamauceneis‚
738 2484 813 2541 Felix
822 2485 912 2543 tribu·
959 2483 1051 2556 igitur
1062 2483 1234 2540 Fortunatus
1242 2485 1407 2558 patriarche
1415 2502 1481 2543 cum
1490 2505 1542 2562 per
1549 2489 1697 2566 aliquante
1703 2495 1775 2550 tem.

117 2591 171 2643 rus,
181 2575 340 2642 oimitrius,
354 2573 530 2631 llerlnienns
544 2591 595 2630 seu
609 2575 747 2630 Foscarus
768 2573 909 2647 Gregorii,
959 2586 1065 2644 porum
1075 2571 1171 2644 spacia
1180 2573 1245 2629 exui
1259 2574 1405 2648 apropria
1415 2577 1484 2632 sede
1494 2582 1638 2648 maneret,
1649 2581 1773 2640 Graden-

116 2661 278 2720 etnonnutli
290 2663 338 2720 alii
347 2660 549 2720 Venetieorum
560 2663 689 2734 majores
703 2663 759 2736 (cn.
773 2663 847 2734 803).
871 2663 911 2720 lix
960 2677 1022 2716 sem
1030 2661 1358 2735 disposuitreciprocare
1370 2663 1482 2720 urbem.
1494 2665 1528 2722 at
1541 2668 1610 2740 quia
1621 2671 1703 2727 valde
1724 2673 1772 2730 Ni.

115 2751 207 2824 quom
230 2751 308 2808 solos
327 2750 541 2824 patriarchale
561 2749 710 2807 Franciem
729 2751 789 2811 ivit.
817 2750 911 2808 Ceteri
961 2753 1031 2806 cette
1045 2749 1158 2824 patricii
1172 2751 1329 2807 adrentum
1349 2754 1501 2825 prestolari
1521 2755 1709 2829 formidabat,
1723 2761 1772 2836 qui

116 2835 558 2913 reroremeueernntirlquadam
577 2839 690 2896 civitate
706 2856 767 2897 non
782 2841 913 2913 procula
961 2842 1029 2894 tunc
1044 2837 1147 2894 missus
1167 2839 1204 2895 ab
1217 2838 1393 2912 imperatore
1411 2857 1478 2898 cum
1496 2845 1623 2902 exercitu
1635 2847 1665 2903 in
1676 2854 1773 2922 partes

116 2929 236 2998 tenacia,
259 2930 381 2986 nomine
397 2923 538 2998 Tartisl03
554 2927 652 3002 ibique
667 2945 727 2984 non
741 2927 847 2985 diutius
861 2929 913 2984 de-
961 2926 1175 2983 oalmaeiarum
1190 2928 1276 3001 atque
1300 2927 1490 2986 veneciarum
1511 2931 1656 3004 veniebat,
1672 2937 1772 2995 relicte

116 3021 216 3090 gantae,
229 3017 349 3076 consilio
361 3017 477 3074 illorum
492 3017 647 3075 ammoniti
666 3016 716 3090 qui
739 3017 770 3073 in
792 3016 913 3074 Venetia
962 3014 1030 3071 sede
1044 3017 1074 3071 et
1088 3015 1206 3087 proprie
1218 3014 1300 3085 urbe,
1317 3015 1423 3073 iterum
1445 3018 1595 3077 Franciam
1614 3022 1698 3096 petiit
1712 3024 1769 3098 (on.

117 3107 307 3176 morabantur,
323 3105 509 3162 obellierium
519 3105 732 3180 (to)tribunum
742 3105 846 3162 ducem
856 3105 914 3160 ele·
922 3151 946 3213 C
961 3103 1037 3175 ooo).
1052 3103 1199 3160 lebannes
1211 3119 1278 3159 vero
1291 3104 1438 3174 ffiaconus,
1453 3107 1502 3182 qul
1513 3109 1619 3165 electus
1632 3109 1727 3167 luerat
1739 3113 1770 3170 in

115 3199 220 3266 mg
961 3192 1130 3266 episcopatu
1155 3193 1325 3265 otyvolensi,
1353 3194 1502 3252 ordinatus
1528 3199 1571 3254 est
1594 3200 1768 3272 patriarcha.

144 3281 647 3348 oaetohannesetltauriciosduccs
658 3281 914 3356 comperto,attriti
963 3279 1771 3364 obelieriussiquidemduxperNicctampatrioiumspa-

111 3368 300 3442 timoratione,
309 3371 382 3445 lapsi
394 3375 471 3431 sunt.
479 3373 560 3427 Alter
573 3371 689 3426 illorum
706 3371 868 3438 Franciam,
884 3369 915 3426 id
963 3369 1049 3426 tharii
1063 3371 1118 3442 tta)
1132 3369 1276 3427 honorem
1298 3371 1431 3444 suscepit.
1455 3374 1558 3430 Beatus
1577 3391 1655 3445 uero,
1679 3379 1771 3436 trater

108 3463 149 3514 est
161 3461 321 3528 lauricius,
337 3461 410 3517 alter
419 3475 487 3516 vero
504 3459 651 3516 blantuam
666 3458 764 3528 adivit,
775 3460 824 3516 ubi
840 3459 913 3515 adeo
962 3459 1109 3531 ejus,cum
1120 3457 1251 3530 predicto
1262 3459 1360 3514 Niceta
1369 3459 1652 3537 Constantinopolim
1662 3465 1772 3535 ivit,se·

108 3549 280 3606 commorati
294 3552 372 3617 sunt,
389 3551 421 3603 ut
431 3551 535 3604 neuter
546 3547 663 3603 illorum
672 3547 827 3604 veneciam
840 3548 915 3604 redi·
964 3563 1088 3620 cumque
1098 3547 1233 3604 deterens
1241 3547 1444 3605 veneticorum
1456 3551 1770 3613 obsidesetChristoio·

105 3637 214 3704 ret‚sed
229 3637 289 3693 illic
303 3637 381 3693 dmm
396 3637 560 3693 clauserunt
573 3639 736 3691 extremum
757 3635 915 3692 Christoto-
963 3652 1029 3692 rum
1040 3635 1207 3710 episcopum
1214 3638 1244 3691 et
1250 3635 1373 3692 Felicem
1381 3637 1594 3707 tribunumlon.
1605 3643 1679 3714 807).
1689 3643 1769 3715 Quos

104 3725 249 3782 rusetiam
257 3725 427 3782 olivolensis
436 3725 596 3798 episcopus,
615 3723 685 3781 dum
692 3723 827 3780 obelierii
836 3724 915 3781 ducis
964 3727 1099 3797 augustus
1111 3723 1194 3780 exilio
1209 3723 1388 3795 dampnavit.
1403 3725 1577 3785 Guberuevit
1589 3731 1686 3787 autem
1702 3750 1769 3806 pre·

103 3813 260 3870 adrentum
275 3828 336 3870 uon
363 3813 483 3870 auderet
501 3812 664 3886 prestolari,
680 3817 756 3878 tcum
780 3812 916 3884 predictis
965 3811 1257 3869 dictusChristoforus
1270 3811 1712 3875 Oliroiensemecclesiemannis
1724 3826 1768 3881 ll.

102 3901 225 3959 ducibus
242 3903 313 3975 tuga
327 3904 423 3976 lapsus
445 3904 497 3958 est.
521 3901 600 3956 'tunc
620 3901 735 3956 hisdem
757 3900 916 3956 obelierius
965 3897 1201 3966 ouemeuccessit
1220 3899 1412 3956 Christotorus
1426 3903 1586 3976 presbyter,
1610 3905 1659 3978 qui
1678 3910 1769 3966 sancti

101 3989 403 4047 audactertteneoiarn
417 3989 548 4058 intravit;
560 3989 609 4063 qui
625 4005 691 4045 cum
706 3989 809 4045 deuote
821 3993 851 4045 et
862 3989 914 4045 bo·
963 3988 1050 4061 ltoysi
1064 3987 1287 4044 ecclesiceastitit
1296 3988 1446 4060 plebanus.
1457 3990 1567 4048 Eodem
1576 4000 1771 4068 quoquetem·

101 4077 224 4134 aediles
242 4079 382 4153 apopulo
403 4081 551 4150 susceptus
571 4081 656 4145 esset,
678 4092 763 4133 suum
781 4077 913 4147 tratrem,
964 4092 1036 4148 pore
1050 4075 1485 4134 civitasEraclianaaVcneticis
1506 4077 1612 4136 iterum
1624 4081 1770 4142 dermtata

101 4165 914 4239 nosmetemtumnominauignitatisrecitsibisocium.
965 4162 1298 4236 etignecombustaest.

100 4255 162 4310 liae
180 4255 270 4312 etiam
285 4257 459 4328 tempestate
479 4254 584 4310 Civitas
603 4271 688 4324 nova,
712 4271 777 4327 quae
798 4257 917 4311 vocatur
999 4253 1078 4307 Tunc
1092 4253 1194 4307 Beatus
1210 4252 1276 4322 dur,
1298 4252 1347 4326 qui
1368 4269 1434 4309 cum
1449 4255 1548 4312 Niccta
1560 4257 1679 4330 patricio
1695 4259 1769 4318 Con·

100 4341 264 4412 misma,
279 4342 444 4400 aVenelicis
453 4343 599 4399 destructa
610 4347 662 4399 eet.
674 4343 784 4399 Deinde
793 4343 916 4416 predicti
966 4339 1186 4412 stantinopolim
1198 4339 1258 4412 ivit,
1273 4340 1304 4396 in
1318 4342 1469 4399 veneciam
1480 4361 1619 4416 reversus,
1631 4347 1768 4424 abimpe·

107 4429 193 4488 daces
206 4433 339 4490 navalem
352 4431 508 4489 exercitum
521 4431 557 4488 ad
566 4432 780 4488 Dalmaciarum
801 4431 954 4541 provin-D
967 4432 1064 4486 ratore
1073 4428 1185 4485 honore
1203 4429 1608 4504 ypatilioJcondecoratusest
1618 4437 1769 4497 ⁴¹.oeinde

117 4517 182 4577 dam
212 4520 448 4596 depopulandam
478 4521 705 4578 destinaverunt.
741 4520 916 4595 olyvolensis
968 4517 1126 4575 Obelierius
1150 4520 1180 4574 et
1200 4519 1303 4574 oeatm
1325 4519 1411 4576 duces
1427 4522 1621 4595 Valentinum,
1645 4526 1769 4586 tercium

776 4641 891 4698 VARlAE
906 4637 1096 4696 merlonus

150 4735 320 4790 “omnm
332 4746 380 4803 ope
398 4729 519 4788 coronet
541 4729 688 4787 Gruderuie
713 4730 833 4803 supponi
840 4748 850 4797 3
866 4729 936 4786 deest
962 4729 1015 4782 int
1047 4733 1072 4782 et
1085 4725 1127 4783 ed.
1165 4729 1380 4800 ”superastricto
1405 4745 1455 4784 oca
1497 4735 1522 4787 l.
1560 4740 1585 4775 ⁸⁸
1609 4733 1646 4790 ad
1670 4751 1766 4808 snpra.

124 4802 272 4883 emmer.
323 4807 358 4846 ³⁸·
373 4804 548 4877 suprascript.
580 4806 604 4860 i.
643 4810 667 4846 θ·
693 4817 723 4874 p.
746 4819 768 4858 s.
797 4804 831 4859 Α.
851 4817 877 4858 e.
903 4802 932 4856 in
959 4813 1083 4872 margunc
1098 4797 1191 4854 addito
1212 4801 1237 4856 t.
1277 4807 1300 4842 ⁸⁰
1327 4803 1540 4875 suprcscmptum
1557 4806 1582 4861 i.
1621 4813 1643 4848 ιι
1671 4823 1767 4880 supra.

125 4877 311 4944 mmccccl.

876 4990 990 5048 NOTAE.

152 5087 201 5162 (lt)
217 5093 249 5152 ln
264 5092 384 5149 ecclesia
403 5091 433 5150 S.
455 5090 605 5148 Eulemia.
631 5089 736 5148 Chron.
753 5089 909 5148 Gradcnse.
960 5089 991 5146 in
1006 5088 1132 5163 exceptis
1155 5090 1253 5161 legum
1277 5088 1307 5144 in
1328 5105 1394 5164 cgg.
1416 5091 1518 5150 Leonis
1536 5095 1566 5149 et
1588 5095 1768 5156 Constantini

153 5165 200 5234 tls)
216 5165 259 5221 Ab
275 5165 420 5220 Einherdo
441 5163 631 5232 Wilhurenus,
650 5162 767 5231 Willeri,
782 5165 909 5218 vocatur.
960 5161 1052 5287 impp.
1069 5177 1137 5242 ann.
1153 5160 1266 5216 circiter
1283 5163 1336 5217 oio
1351 5163 1427 5235 apud
1445 5163 1596 5223 Leunoiav.
1610 5166 1640 5222 in
1655 5169 1765 5227 Basilio.

161 5237 189 5291 tr
218 5237 329 5292 lesus.
960 5236 1050 5307 p.o.
1076 5232 1117 5286 lbr
1139 5235 1254 5288 vocatos
1277 5233 1357 5305 legas
1380 5235 1659 5308 μεγαλοπρεπεστάτοις,
1683 5239 1713 5294 h.
1738 5257 1765 5296 e.

159 5309 190 5362 aa
220 5305 345 5389 Spatarii
357 5308 386 5361 et
397 5305 612 5386 protospatarii,
626 5306 671 5362 uel
682 5308 713 5360 ut
727 5304 774 5360 alii
783 5303 914 5360 scribunt
961 5301 1247 5374 nuqnsficeutissimoe.
1260 5303 1326 5359 Zau.

121 5378 245 5436 nouam
255 5381 286 5433 et
297 5376 531 5449 protospatharii,
547 5377 625 5432 idem
638 5392 729 5448 prope
746 5380 830 5432 erant
845 5377 913 5430 tunc
998 5373 1522 5448 (lotlpetusmo.consul,sedconsul
1533 5378 1767 5452 honorarius,seu

120 5437 248 5520 ¹euaporis
260 5449 337 5522 quod
351 5447 428 5504 hisce
441 5448 547 5504 nostris
561 5448 681 5520 equites,
699 5447 842 5503 caralieri.
859 5447 914 5502 Eo·
964 5445 1054 5502 mavis
1064 5445 1230 5512 consularis,
1242 5449 1270 5500 ct
1280 5449 1311 5500 ut
1321 5447 1523 5519 apudProcop.
1537 5449 1586 5504 lib.
1596 5465 1627 5504 ιιι
1637 5451 1678 5506 De
1691 5454 1767 5510 bello

116 5520 545 5594 nnimigniasoaramangium
563 5523 668 5600 (genus
680 5517 786 5586 restis),
802 5517 915 5574 eusiset
963 5517 1047 5573 Goth.
1068 5516 1167 5571 consul
1187 5516 1306 5572 nomine
1326 5519 1508 5580 tannebrunne
1523 5519 1765 5649 sstotpssoqptvos.

111 5579 233 5664 ¹9rques.
258 5590 368 5648 videsis
385 5591 417 5647 in
442 5590 632 5647 Ceremonral.
655 5590 773 5670 aniano
793 5589 915 5645 centina
964 5585 1343 5670 Frequensdeiisinoraecls
1356 5589 1531 5657 auctoribus,
1547 5607 1599 5662 pos
1620 5609 1674 5650 con
1697 5595 1766 5650 itam

104 5645 161 5718 lib.
176 5680 266 5737 neap.
287 5665 331 5721 tio.
349 5663 391 5720 De
402 5660 619 5736 protospatariis
640 5660 759 5734 insignus
772 5605 852 5717 focus
872 5663 915 5718 est
965 5659 1235 5730 Constantinopolin
1242 5659 1453 5716 monho.ltecte
1461 5663 1767 5722 tamenmonuitoom-
