3932 6174
214 365 283 432 1001
457 401 461 410 ·
497 368 663 431 samosat
680 369 722 429 ΕΤ
735 366 885 428 absolut
902 365 1013 426 Gustu
1031 365 1141 428 uulso.
1161 367 1288 430 rubos.
1306 371 1401 434 aaut.
1422 371 1463 431 ΕΤ
1482 372 1584 436 bauo.
1774 381 1827 440 lttt

212 491 316 551 reddat
330 491 467 561 officium,
483 509 549 550 cum
564 493 616 550 tibi
630 493 724 566 pudor
733 489 818 548 amici
828 488 941 562 dignius
950 503 1016 560 pos·
1066 488 1219 565 ipsumque
1235 492 1313 566 quod
1325 492 1406 551 idem
1419 509 1471 567 pro
1484 497 1584 552 nostra
1596 499 1829 571 assumpturusarat

211 581 248 638 sit
260 581 424 650 convenire,
441 582 465 638 si
478 582 610 655 displicet
624 591 660 639 ⁸⁸.
1066 580 1156 635 saluto
1171 580 1333 638 humanum
1342 597 1455 654 corpus,
1464 582 1831 657 quadrifariaessetsoliditate

212 674 239 729 2.
251 679 275 714 ⁸⁷
292 670 369 738 Quod
382 670 455 727 Deus
468 674 557 727 omnio
568 675 597 728 ia
611 687 721 727 nomem
738 676 762 726 et
773 668 891 742 pondere
905 672 930 724 et
945 681 1017 721 men·
1065 667 1428 744 perfecturus,insigneque
1437 670 1504 728 inde
1514 671 1831 743 rivillooscrucis,utesset

333 776 401 814 euro
413 763 559 830 constituit,
573 767 598 818 el
608 759 641 816 de
655 761 781 832 mysterio
796 759 891 813 eruco.
1066 757 1246 813 obstaculum
1258 758 1530 816 adversusomnium
1541 761 1830 836 insidiasinimicomn,

246 851 321 906 Deus
332 866 445 907 summe
459 852 562 920 bonus,
578 851 658 923 cujus
673 849 769 906 divina
788 866 822 903 ex
837 849 946 903 aeterno
963 861 1015 900 na·
1066 846 1262 921 quadrilatera
1269 849 1453 922 porrectione
1463 853 1623 908 sancturus.
1631 851 1828 918 Quodinkarita·

211 939 276 994 turn
290 941 395 1010 regnat
406 941 435 995 et
449 939 479 994 in
490 942 633 996 aeternum
644 939 707 994 sirie
720 938 817 1010 aliqua
825 933 1017 991 mutabilitate
1066 933 1102 992 tis
1117 935 1247 992 omnium
1261 937 1400 993 virtutum
1410 939 1790 1013 perlectisstmaeplenitudine
1800 944 1832 1000 ri·

211 1026 359 1098 perdurat,
376 1027 476 1084 omnia
488 1027 642 1100 providens
654 1036 678 1071 ⁸⁸
690 1027 905 1100 prudenterque
921 1021 1017 1094 dispo·
1067 1023 1152 1080 detur
1167 1025 1313 1097 apostolus
1322 1027 1538 1084 commendare.
1548 1027 1701 1086 Inknritote
1712 1029 1836 1104 inqrritru·

212 1131 295 1183 nens,
310 1115 442 1171 universa
457 1115 486 1172 in
502 1132 626 1172 numero
640 1119 669 1172 et
682 1130 819 1170 mensura
841 1114 871 1168 et
888 1110 1017 1184 pondere
1066 1111 1150 1168 dicati
1163 1118 1188 1168 et
1197 1113 1317 1185 fundati,
1333 1121 1364 1171 ut
1374 1117 1836 1191 possitiscompretendereuonomni·

212 1203 390 1260 constituens
404 1204 477 1277 (2571
496 1205 628 1278 (Sapiens.
651 1221 690 1271 xa,
706 1202 763 1275 21),
782 1201 877 1274 ipsum
902 1212 1017 1272 quoque
1068 1201 1114 1256 bus
1123 1204 1221 1256 eunctis
1230 1218 1290 1274 quae
1301 1205 1335 1258 sit
1347 1204 1469 1272 latitudo,
1477 1204 1624 1278 loupitudo,
1637 1207 1769 1264 sublimitas
1779 1215 1806 1251 ¹0²
1818 1214 1838 1263 et

212 1286 1018 1366 universitatismundumspontesibiquetantumconscia
1065 1290 1231 1364 profundum
1250 1291 1446 1366 (159)(Ερ11εε.
1462 1295 1506 1363 in,
1531 1297 1585 1368 17).
1600 1295 1642 1362 [ln
1664 1295 1799 1352 latitudine
1810 1305 1837 1340 ¹0⁸

211 1383 370 1451 voluntate,
382 1397 514 1438 cumnon
530 1381 707 1449 subsisteret,
720 1379 872 1454 pulchrum
884 1376 1016 1449 pulcher·
1066 1377 1173 1434 scilicet
1184 1378 1261 1435 bona
1277 1396 1366 1452 opera
1380 1381 1520 1450 karitatis,
1534 1383 1566 1439 iu
1580 1382 1752 1456 longitudine
1761 1400 1839 1456 perse·

212 1470 304 1528 rimus
317 1470 477 1539 eremitat
491 1474 582 1543 esset3
599 1486 659 1527 non
670 1486 738 1526 eum
753 1485 789 1526 ex
802 1484 854 1523 sua
866 1464 1017 1541 proferens
1066 1466 1228 1523 verantiem
1242 1469 1439 1540 perfectionis,
1454 1469 1484 1526 in
1492 1471 1644 1534 altitudine
1656 1472 1765 1546 praemia
1771 1473 1839 1546 regni

211 1558 381 1627 substantie,
390 1575 426 1615 ne
440 1557 783 1627 coeternuscrederetur,
790 1555 897 1629 quippe
907 1570 941 1610 ex
949 1569 1017 1627 pro·
1066 1554 1195 1624 caelestis,
1213 1556 1243 1612 in
1257 1557 1402 1630 prolundo
1424 1557 1621 1616 inscrutabilia
1636 1560 1745 1633 signans
1754 1560 1841 1632 juditia

211 1648 276 1724 pria
290 1647 413 1704 essentie
428 1656 452 1694 ⁹⁹
464 1649 558 1705 solum
573 1649 603 1704 et
614 1647 667 1703 sibi
676 1649 747 1702 nota
759 1644 873 1701 rationo
895 1644 1014 1699 coater—
1066 1642 1285 1718 omnipotentis,
1301 1645 1424 1719 huicque
1439 1648 1596 1704 intellectui
1610 1653 1743 1722 coaptans
1753 1653 1840 1722 myste-

210 1753 294 1805 num,
306 1753 359 1810 per
372 1737 450 1809 quod
467 1735 567 1792 omnia
581 1735 788 1803 formarentur,
800 1750 834 1789 ex
846 1731 933 1788 corde
949 1747 1014 1786 eru·
1065 1731 1141 1788 rium
1155 1732 1309 1790 salutiferae
1322 1735 1413 1791 crucis
1426 1736 1524 1809 (260)·l
1536 1736 1620 1802 Quod
1635 1737 1665 1793 in
1675 1753 1708 1794 eo
1721 1745 1752 1781 ¹⁰⁸
1762 1741 1842 1794 auctor

210 1827 359 1882 maereret
371 1825 504 1881 verbum.
520 1824 618 1897 Neque
629 1826 661 1879 ut
671 1822 751 1879 idem
765 1824 914 1878 crearetur
927 1815 1051 1875 mun-B
1065 1821 1276 1893 redemptionis
1290 1825 1395 1878 nostrae
1410 1824 1500 1880 voluit
1510 1825 1842 1898 sponlesubire‚utpassis

210 1913 265 1971 dus
276 1913 393 1970 molitus
403 1915 446 1968 est
455 1912 582 1982 aliunde,
599 1929 635 1968 ne
646 1911 711 1985 jam
720 1912 769 1966 vel
783 1910 814 1966 in
829 1906 1015 1976 materiave}
1064 1908 1168 1980 palmis
1181 1907 1212 1965 in
1228 1925 1321 1979 cruce,
1334 1911 1503 1986 reliquoque
1516 1913 1659 1970 distentus
1665 1929 1785 1986 corpore,
1794 1911 1843 1985 ipsa

209 2001 242 2060 in
258 2011 293 2050 ¹⁰⁰
303 2001 509 2076 cooperatione
525 2000 696 2060 altrinsecus
710 1997 1014 2072 essetquodejusom·
1064 1998 1264 2054 membromm
1284 1998 1426 2072 positione
1441 2000 1541 2057 omnia
1555 2001 1592 2058 ad
1607 2019 1639 2058 se
1662 2000 1785 2057 credatur
1797 2004 1843 2056 tm·

210 2089 474 2164 nipotentissimam
489 2090 670 2146 voluntatem
680 2091 761 2145 extra
770 2085 867 2160 petitis
875 2083 1016 2143 ammini-
1064 2084 1145 2142 xisse.
1163 2087 1203 2152 [ln
1222 2085 1384 2152 latitudine,
1406 2103 1463 2161 quo
1479 2105 1531 2163 per
1549 2093 1742 2147 transversum
1760 2091 1845 2144 exun-

208 2178 289 2248 culis,
304 2194 358 2236 nee
372 2178 441 2236 satis
463 2178 498 2234 ad
521 2178 551 2234 id
573 2177 775 2252 peragendum
795 2172 1013 2241 sufficientibus,
1065 2173 1702 2251 dunturmanus,propterbonorumoperum
1710 2175 1845 2232 secundum

208 2267 368 2340 adjuvaret,
386 2283 419 2324 ae
435 2265 557 2323 subinde
567 2267 624 2323 tale
637 2265 777 2340 quiddam
786 2264 860 2320 esset
872 2262 950 2336 quod
963 2277 1016 2318 ne-
1064 2261 1672 2338 laaritetemexbibitiouem.lulongitudine
1681 2279 1846 2340 quoqoepro·

210 2373 267 2430 que
280 2356 390 2413 lactum
403 2356 514 2428 abipso
529 2358 603 2411 esset
618 2357 647 2411 et
667 2356 768 2410 tamen
787 2355 878 2422 esset,
894 2367 953 2407 non
969 2350 1015 2406 in·
1065 2353 1129 2424 pter
1140 2351 1231 2408 tocius
1244 2351 1374 2423 corporis
1388 2353 1628 2428 crucifixionem]
1648 2355 1812 2412 voluntatem
1822 2351 1846 2408 in

209 2460 309 2519 quam,
325 2443 375 2500 sed
398 2444 486 2500 verbo
511 2444 597 2500 celos
620 2440 838 2499 convivificante
865 2447 898 2482 ¹⁰¹
912 2438 1015 2513 spiritu
1065 2439 1220 2497 exibitione
1234 2439 1849 2516 karitatislonganimem,borealemsueap

208 2532 348 2589 volubiles
362 2529 505 2606 perduxit,
522 2533 551 2586 et
564 2533 596 2586 ut
611 2530 717 2604 pellem
731 2528 867 2585 omnibus
882 2543 1015 2600 superex-
1065 2527 1167 2584 nitiooi
1179 2529 1295 2603 plagam
1312 2528 1405 2585 missis
1419 2531 1574 2587 cultoribus
1587 2531 1698 2589 addixit
1719 2532 1816 2606 pariter
1825 2531 1849 2586 et

207 2620 303 2678 tendit
313 2620 402 2692 (Psol.
416 2619 514 2693 una),
528 2623 638 2676 terram
652 2635 720 2675 vero
733 2616 1015 2674 circumlibrantibus
1065 2617 1231 2673 australem.
1239 2619 1284 2689 [ln
1292 2617 1454 2686 altitudine,
1464 2634 1521 2692 quo
1530 2623 1617 2692 caput
1629 2621 1718 2678 soluit
1728 2620 1848 2686 eminere,

209 2711 338 2784 undique
353 2709 504 2766 elementis
517 2708 546 2764 in
557 2707 655 2764 medio
665 2707 799 2763 omnium
812 2705 1015 2774 collocavit,ita
1065 2709 1184 2779 propter
1198 2721 1391 2777 supernorum
1412 2713 1448 2750 ¹¹⁰
1468 2708 1680 2780 promissorum
1696 2707 1849 2783 expectatio·

208 2803 242 2857 ut
261 2797 367 2858 celesti
379 2797 560 2855 habitatione
574 2798 650 2853 caelo
663 2796 767 2871 dignas
781 2799 901 2852 naturas
915 2794 1015 2850 efiice-
1065 2805 1158 2865 uem,]
1180 2791 1353 2851 orientalem
1378 2795 1475 2852 multis
1494 2796 1622 2854 accensis
1648 2796 1849 2872 predicantium

208 2891 265 2956 ret,
277 2888 312 2945 de
323 2889 478 2943 terravero
487 2888 604 2941 terrena
613 2881 1014 2958 componeret(258).0uippe
1063 2881 1255 2937 luminaribus
1266 2881 1398 2939 irradiari
1414 2885 1636 2956 voluiipartem.
1648 2885 1849 2960 [lnprnlundum

209 2975 342 3034 omniurn
354 2973 581 3049 potentissimus,
597 2973 673 3029 solus
688 2987 801 3028 summe
810 2981 844 3016 ¹⁰¹
856 2973 960 3036 bonus,
970 2986 1015 3026 so-
1065 2977 1098 3013 ¹¹¹
1114 2974 1224 3039 autem,
1240 2988 1297 3044 quo
1315 2974 1367 3029 sub
1383 2971 1503 3046 pedibus
1515 2989 1581 3046 pars
1591 2975 1686 3032 crucis
1700 2975 1728 3033 in
1742 2975 1851 3032 abscon·

208 3068 253 3123 lus
260 3064 431 3122 naturaliter
438 3080 522 3133 unus,
534 3064 562 3119 et
574 3062 652 3136 quod
666 3060 834 3134 hujusmodi
844 3060 880 3116 sit
891 3060 968 3117 solus
983 3063 1015 3116 ut
1026 3085 1049 3145 C
1065 3057 1124 3115 dito
1140 3060 1552 3136 terradeiixalatuit,propter
1562 3065 1707 3121 occultam
1715 3064 1850 3121 hominum

208 3153 282 3211 nibil
296 3153 373 3211 aliud
384 3152 420 3209 sit
432 3152 596 3220 nisibenus,
606 3150 739 3224 qui¹⁰⁸¹⁰⁴
751 3151 852 3206 omnia
862 3149 898 3205 de
907 3148 1013 3204 nichilo
1063 3163 1097 3203 ex
1112 3147 1162 3203 liei
1174 3149 1323 3205 voluntate
1337 3149 1541 3221 vocationem]
1556 3154 1677 3227 plegem
1691 3171 1747 3211 sue
1765 3153 1851 3209 rotun·

208 3245 239 3308 et
252 3258 287 3299 ex
309 3257 370 3297 non
394 3238 614 3296 subsistentibus
640 3253 748 3310 nempe
768 3239 845 3294 solus
859 3235 1014 3293 subsistens
1062 3237 1115 3292 tati
1129 3236 1296 3311 mancipare
1311 3238 1446 3312 dignatus
1459 3243 1503 3296 est
1512 3241 1733 3301 occidentalem.
1742 3243 1794 3298 Nee
1802 3241 1852 3296 lm·

210 3328 407 3387 crearitralde
419 3327 507 3384 hona.
519 3326 587 3392 Quae
600 3327 738 3400 quoniam
749 3343 808 3382 non
823 3325 1014 3381 sunt¹⁰⁸sim·
1063 3328 1122 3380 stra
1132 3324 1199 3380 illue
1212 3325 1515 3384 misericordissimum
1530 3330 1682 3402 spetialius
1696 3329 1804 3387 dellexit
1816 3329 1852 3384 in·

210 3415 349 3491 plicia-
372 3431 431 3471 non
451 3415 530 3470 enim
550 3430 603 3486 per
625 3430 656 3470 se
681 3413 863 3486 prodierunt,
886 3429 939 3469 nec
953 3427 1014 3468 esse
1064 3412 1180 3481 tuitum,
1194 3430 1246 3468 non
1259 3416 1725 3488 enimquisonisuntepenlmedico.
1740 3419 1853 3490 Venitque

211 3521 329 3581 prorsus
342 3507 489 3577 poterant,
506 3501 559 3558 nisi
575 3517 610 3557 ea
634 3502 668 3570 is,
688 3501 738 3575 qui
753 3503 829 3558 solus
844 3501 1016 3558 naturaliter
1064 3518 1157 3558 uocare
1167 3508 1315 3574 peccatores
1327 3503 1363 3560 od
1379 3507 1574 3578 penitentium,
1587 3508 1737 3580 nonjustae
1748 3506 1816 3575 (Luc.
1830 3521 1851 3572 r,

211 3594 306 3650 bonus
320 3595 365 3648 est
374 3598 420 3659 ¹⁰⁶,
437 3605 499 3646 esse
508 3589 643 3646 voluisset
652 3589 760 3646 -ideo
769 3589 837 3662 quia
847 3589 956 3646 bonum
967 3605 1015 3644 eo·
1066 3593 1120 3657 31).
1135 3589 1328 3648 Orientalibus
1339 3594 1448 3650 etenim
1463 3595 1639 3667 quibusdam
1651 3605 1686 3641 ¹¹²
1699 3595 1853 3654 nomenllo

211 3697 278 3738 rum
293 3695 439 3737 asumma
463 3678 541 3735 bono
559 3677 677 3750 prodiit,
703 3694 805 3734 eorum
828 3693 942 3752 quoque
955 3693 1016 3734 esse
1065 3679 1137 3735 mini
1157 3680 1326 3737 timentibus
1345 3683 1388 3738 sol
1408 3683 1530 3754 justicia
1546 3685 1764 3756 quodammodo
1785 3681 1851 3738 ride·

212 3785 330 3828 necesse
339 3771 384 3827 est
396 3768 507 3825 bonum
519 3766 842 3839 sit.0mniainqnamin
855 3769 1017 3822 numeroet
1064 3766 1150 3823 batur
1162 3771 1286 3836 exortus,
1303 3785 1369 3825 cum
1388 3770 1581 3828 occidentales
1601 3774 1733 3830 tenebris
1755 3786 1853 3843 semper

212 3856 528 3929 mensuraetpondere
542 3855 600 3912 suis
612 3871 734 3928 quosque
753 3854 934 3928 temporibus
948 3869 1015 3925 pro·
1066 3855 1170 3927 objecti
1188 3855 1371 3929 ignorantie,
1392 3858 1566 3932 delegissent
1586 3866 1710 3918 eatenus
1731 3863 1851 3916 creature

212 3948 308 4004 ditura
321 3945 478 4014 coustituit,
493 3944 647 4017 ipsumque
662 3943 856 4000 universitatis
872 3942 1015 3998 mundum
1064 3943 1260 4020 potiusquam
1278 3946 1401 4002 creatori
1413 3947 1557 4004 deservire
1570 3957 1606 3993 ¹¹⁸

212 4036 399 4111 praediffinita
419 4033 606 4108 dispositione
624 4033 841 4108 quadripertitis
864 4031 1015 4088 elementis
1063 4030 1091 4086 3.
1109 4040 1142 4076 ¹¹⁴
1168 4033 1246 4100 Quod
1272 4034 1404 4090 Dominus
1432 4036 1605 4093 occidentales
1626 4046 1719 4112 parles
1746 4033 1852 4110 apostolis
1934 4015 1935 4020 ἵ

211 4125 532 4198 constantem,quatuor
541 4138 656 4195 quoque
664 4121 938 4196 plagarumolimate
946 4135 1015 4192 qua·
1169 4119 1250 4176 Petro
1262 4129 1286 4178 et
1298 4123 1386 4180 Paulo
1398 4123 1525 4196 dieamus
1536 4132 1573 4181 est
1586 4126 1735 4184 illustrare.

201 4211 539 4286 .dravit,dispositissima
548 4210 774 4282 dispensatione,
790 4213 821 4266 ut
833 4207 1013 4275 madidetur,
1100 4209 1163 4265 Non
1175 4208 1296 4282 inquam
1311 4210 1417 4268 luntre
1425 4213 1549 4270 occiduis
1561 4215 1694 4288 pertibus
1703 4216 1822 4289 pendens
1828 4211 1851 4266 lu

206 4304 270 4376 jem
284 4305 476 4378 presignans,
491 4301 570 4375 quod
580 4299 744 4368 hominem,
759 4315 847 4372 quem
867 4300 1014 4353 creaturus
1064 4313 1147 4354 cruce
1162 4299 1307 4370 spetialius
1315 4301 1558 4374 benignissimum
1569 4302 1709 4376 dignatus
1727 4309 1768 4360 est
1783 4303 1853 4359 obtu-

209 4395 272 4449 erat
292 4395 321 4448 et
338 4394 457 4465 propter
483 4405 571 4464 quem
586 4391 689 4446 cuncta
701 4387 822 4444 risibilia
840 4384 1011 4452 lubricabat,
1063 4390 1126 4442 tum
1138 4386 1300 4459 intendere,
1312 4405 1383 4462 ques
1397 4389 1487 4446 voluit
1500 4391 1587 4448 tantis
1602 4391 1851 4462 doctoribus,Petro

870 4481 988 4538 vnulAE
1006 4481 1204 4542 tacueras

244 4595 268 4634 ⁹⁴
282 4586 350 4643 Vale
360 4584 436 4642 addit
446 4584 512 4642 Sur.
525 4612 533 4651 ,-
546 4589 692 4655 sequuntur
702 4582 775 4656 opud
783 4581 893 4636 eundem
907 4581 936 4634 lu·
944 4593 1049 4635 versus:

492 4653 575 4720 Quod
588 4669 640 4710 nec
651 4657 719 4709 vota
732 4654 855 4727 patinea
870 4653 981 4724 lingere
992 4651 1106 4708 somnia
1117 4657 1247 4725 possunt,

490 4724 622 4783 Gaudens
637 4739 754 4796 semper
767 4725 857 4780 baba:
870 4723 998 4796 gaudent
1010 4738 1070 4804 prae
1086 4724 1203 4780 nornine
1213 4726 1315 4782 molles

490 4795 651 4852 amicale:
667 4795 720 4851 tibi
732 4811 781 4851 me
798 4795 888 4850 virtus
901 4797 950 4848 tua
962 4793 1031 4848 lecit
1043 4793 1179 4850 amicum.
1189 4797 1298 4852 lterum
1311 4799 1384 4858 vale.

241 4871 426 4928 successus.
445 4871 470 4924 3.
509 4866 662 4939 ⁹⁸prouida
680 4864 731 4922 Cb.
770 4874 793 4908 ⁰⁰
809 4861 1032 4921 substantiact.
1073 4872 1107 4908 ¹⁰⁰
1121 4865 1191 4922 deest
1213 4870 1240 4922 1.
1278 4876 1313 4912 ¹⁰¹
1326 4886 1393 4925 cum
1406 4868 1567 4928 vivificante
1586 4877 1610 4930 1.
1651 4881 1687 4916 ¹⁰¹
1707 4888 1740 4926 ns
1759 4873 1850 4928 bie·

204 4961 274 5001 corr.
291 4946 320 5002 2.
339 4959 365 4998 e.
381 4938 432 4996 Cb.
472 4947 554 4984 ¹⁰⁸¹⁰⁴
570 4954 674 4994 mosum
690 4939 716 4994 ’2.
755 4945 790 4980 ¹⁰⁸
804 4934 873 4992 deest
890 4939 914 4992 1.
954 4933 1109 4992 macena.
1149 4936 1329 4994 ¹⁰⁷deestCla.
1368 4941 1550 4998 ¹⁰⁸Latitudo
1568 4945 1593 4999 1.
1610 4947 1636 5002 2.
1679 4951 1714 4986 ¹⁰⁰
1730 4943 1791 4998 ideo
1806 4937 1849 4994 Gt.

204 5025 241 5060 ¹¹⁰
255 5012 438 5087 superiorum
454 5009 505 5067 Gt.
543 5017 578 5053 ¹¹¹
590 5025 659 5070 corr.
671 5007 817 5082 profundo
833 5012 860 5067 2.
898 5015 933 5050 ¹¹²
945 5005 1014 5060 deest
1024 5002 1076 5061 Ct.
1115 5015 1150 5052 ¹¹⁸
1163 5009 1318 5066 deservisse
1334 5008 1384 5066 Gt.
1424 5020 1458 5055 ¹¹⁴
1472 5013 1588 5071 Numeri
1599 5014 1734 5070 demntia
1750 5015 1774 5068 3.

980 5092 1092 5152 NOTAE.

239 5181 312 5256 (257)
330 5179 412 5236 Haud
426 5178 510 5236 aliter
524 5176 699 5250 Augustinus
720 5175 751 5230 in
763 5174 838 5232 libro
855 5175 890 5231 de
905 5173 1007 5231 Genesi
1058 5173 1135 5248 0pp.
1156 5176 1200 5246 tv,
1218 5178 1299 5260 11111Ἰ
1313 5177 1407 5237 Serm.
1423 5182 1468 5249 53,
1484 5179 1544 5240 loo.
1569 5182 1610 5256 op
1634 5223 1641 5238 .
1665 5181 1697 5250 v,
1719 5183 1779 5246 317,
1794 5176 1849 5238 798,

201 5255 248 5314 ed.
265 5255 366 5310 Venet.
378 5251 448 5333 lll‚l¹
467 5266 497 5322 p.
518 5252 579 5306 168.
1056 5245 1111 5301 boc
1128 5247 1191 5304 loco
1205 5265 1237 5304 ex
1255 5251 1377 5332 epistola
1389 5250 1426 5305 ad
1439 5252 1593 5333 reatinum
1610 5197 1646 5309 Se
1662 5249 1785 5308 videndo
1800 5249 1849 5302 neo

236 5329 300 5398 (²5⁸
329 5327 482 5396 Augusltn·
499 5322 520 5379 Ι.
534 5322 553 5377 l.
568 5337 598 5393 p.
614 5320 675 5375 138.
1057 5317 1129 5400 Opp.
1145 5320 1179 5386 ll,
1192 5320 1244 5400 diii
1254 5321 1308 5376 srbr
1323 5321 1459 5377 delibavit
1469 5327 1570 5379 auctor
1592 5325 1622 5379 tn
1639 5321 1737 5403 libello
1753 5317 1846 5374 delan-

239 5399 300 5466 1159
335 5393 486 5468 Angustia.
511 5393 548 5449 ad
576 5391 754 5448 Honoratum
781 5385 827 5445 ed.
854 5387 954 5444 Venet.
970 5387 1004 5457 ll,
1055 5387 1846 5474 dibuscrucrs,quemllrebanusldaurnsarguuusquan

199 5471 315 5610 44iiiut)
330 5535 522 5608 Allegorieam
535 5533 626 5589 crucis
635 5529 906 5613 interpretationem
917 5545 1005 5605 quam
1054 5464 1338 5594 {giffrtigiimpm’
1355 5464 1435 5530 Μ’
1459 5465 1657 5540 (Ιυοὼρηωο
1679 5477 1778 5538 'mm’
1793 5471 1843 5512 ΠΜ

202 5609 377 5684 Augustinus
392 5607 508 5664 adamat
523 5621 550 5664 e.
565 5621 594 5679 g.
614 5605 746 5662 Enarrat.
768 5619 798 5660 m
819 5602 924 5662 Psalm.
942 5604 1003 5664 103.
