<?xml version="1.0" encoding="UTF-8"?>
<!DOCTYPE html PUBLIC "-//W3C//DTD XHTML 1.0 Transitional//EN"
    "http://www.w3.org/TR/xhtml1/DTD/xhtml1-transitional.dtd">
<html xmlns="http://www.w3.org/1999/xhtml" xml:lang="en" lang="en">
 <head>
  <title>
</title>
<meta http-equiv="Content-Type" content="text/html;charset=utf-8" />
  <meta name='ocr-system' content='tesseract 3.04.00' />
  <meta name='ocr-capabilities' content='ocr_page ocr_carea ocr_par ocr_line ocrx_word'/>
</head>
<body>
  <div class='ocr_page' id='page_1' title='image "./patrologiaecurs96unkngoog/patrologiaecurs96unkngoog_0585.png"; bbox 0 0 3944 6186; ppageno 0'>
   <div class='ocr_carea' id='block_1_1' title="bbox 112 387 1755 482">
    <p class='ocr_par' dir='ltr' id='par_1_1' title="bbox 112 387 1755 482">
     <span class='ocr_line' id='line_1_1' title="bbox 112 387 1755 482; baseline 0.003 -8"><span class='ocrx_word' id='word_1_1' title='bbox 112 399 166 474; x_wconf 78' lang='lat' dir='ltr'><strong>litt</strong></span> <span class='ocrx_word' id='word_1_2' title='bbox 765 403 849 471; x_wconf 78' lang='lat' dir='ltr'><strong>vrri</strong></span> <span class='ocrx_word' id='word_1_3' title='bbox 869 387 898 472; x_wconf 87' lang='lat' dir='ltr'><strong>s.</strong></span> <span class='ocrx_word' id='word_1_4' title='bbox 918 387 1080 472; x_wconf 72' lang='lat' dir='ltr'><strong>turea.</strong></span> <span class='ocrx_word' id='word_1_5' title='bbox 1684 419 1755 482; x_wconf 82' lang='grc' dir='ltr'>ιιιι</span> 
     </span>
    </p>
   </div>
   <div class='ocr_carea' id='block_1_2' title="bbox 84 518 1852 4876">
    <p class='ocr_par' dir='ltr' id='par_1_2' title="bbox 107 518 1852 1147">
     <span class='ocr_line' id='line_1_2' title="bbox 110 518 1753 614; baseline 0.004 -23"><span class='ocrx_word' id='word_1_6' title='bbox 110 535 153 610; x_wconf 92' lang='lat' dir='ltr'><strong>qui</strong></span> <span class='ocrx_word' id='word_1_7' title='bbox 163 537 241 594; x_wconf 90' lang='lat' dir='ltr'><strong>tanto</strong></span> <span class='ocrx_word' id='word_1_8' title='bbox 250 519 366 610; x_wconf 84' lang='lat' dir='ltr'><strong>pastore</strong></span> <span class='ocrx_word' id='word_1_9' title='bbox 380 529 590 593; x_wconf 65' lang='lat' dir='ltr'><strong>destituimur?</strong></span> <span class='ocrx_word' id='word_1_10' title='bbox 605 533 687 593; x_wconf 86' lang='lat' dir='ltr'><strong>Unde</strong></span> <span class='ocrx_word' id='word_1_11' title='bbox 696 535 784 593; x_wconf 92' lang='lat' dir='ltr'><strong>nobis</strong></span> <span class='ocrx_word' id='word_1_12' title='bbox 793 551 898 610; x_wconf 76' lang='lat' dir='ltr'><strong>ruppe·</strong></span> <span class='ocrx_word' id='word_1_13' title='bbox 912 518 1091 606; x_wconf 64' lang='lat' dir='ltr'><strong>Aconier&#39;as,</strong></span> <span class='ocrx_word' id='word_1_14' title='bbox 1102 535 1182 594; x_wconf 85' lang='lat' dir='ltr'><strong>nulla</strong></span> <span class='ocrx_word' id='word_1_15' title='bbox 1192 537 1326 594; x_wconf 90' lang='lat' dir='ltr'><strong>tenostra</strong></span> <span class='ocrx_word' id='word_1_16' title='bbox 1334 535 1495 612; x_wconf 90' lang='lat' dir='ltr'><strong>persecutio</strong></span> <span class='ocrx_word' id='word_1_17' title='bbox 1507 535 1753 614; x_wconf 77' lang='lat' dir='ltr'><strong>compellittluod</strong></span> 
     </span>
     <span class='ocr_line' id='line_1_3' title="bbox 108 622 1756 702; baseline 0.003 -21"><span class='ocrx_word' id='word_1_18' title='bbox 108 629 147 681; x_wconf 90' lang='lat' dir='ltr'><strong>tel</strong></span> <span class='ocrx_word' id='word_1_19' title='bbox 158 625 310 682; x_wconf 88' lang='lat' dir='ltr'><strong>consolatio</strong></span> <span class='ocrx_word' id='word_1_20' title='bbox 323 622 372 681; x_wconf 86' lang='lat' dir='ltr'><strong>illo</strong></span> <span class='ocrx_word' id='word_1_21' title='bbox 394 624 512 694; x_wconf 84' lang='lat' dir='ltr'><strong>amisso,</strong></span> <span class='ocrx_word' id='word_1_22' title='bbox 527 623 576 698; x_wconf 88' lang='lat' dir='ltr'><strong>qui</strong></span> <span class='ocrx_word' id='word_1_23' title='bbox 588 623 772 681; x_wconf 89' lang='lat' dir='ltr'><strong>miseriarum</strong></span> <span class='ocrx_word' id='word_1_24' title='bbox 787 629 899 682; x_wconf 89' lang='lat' dir='ltr'><strong>nostra·</strong></span> <span class='ocrx_word' id='word_1_25' title='bbox 950 625 973 680; x_wconf 91' lang='lat' dir='ltr'><strong>si</strong></span> <span class='ocrx_word' id='word_1_26' title='bbox 988 641 1055 682; x_wconf 88' lang='lat' dir='ltr'><strong>vero</strong></span> <span class='ocrx_word' id='word_1_27' title='bbox 1070 625 1210 682; x_wconf 84' lang='lat' dir='ltr'>Dominus</span> <span class='ocrx_word' id='word_1_28' title='bbox 1223 626 1367 700; x_wconf 88' lang='lat' dir='ltr'><strong>permittit</strong></span> <span class='ocrx_word' id='word_1_29' title='bbox 1379 628 1492 702; x_wconf 90' lang='lat' dir='ltr'><strong>lugere,</strong></span> <span class='ocrx_word' id='word_1_30' title='bbox 1506 628 1576 685; x_wconf 87' lang='lat' dir='ltr'><strong>dnm</strong></span> <span class='ocrx_word' id='word_1_31' title='bbox 1596 627 1675 685; x_wconf 84' lang='lat' dir='ltr'><strong>saevit</strong></span> <span class='ocrx_word' id='word_1_32' title='bbox 1689 645 1756 702; x_wconf 89' lang='lat' dir='ltr'><strong>per·</strong></span> 
     </span>
     <span class='ocr_line' id='line_1_4' title="bbox 108 712 1755 790; baseline 0.004 -22"><span class='ocrx_word' id='word_1_33' title='bbox 108 729 167 768; x_wconf 92' lang='lat' dir='ltr'><strong>rum</strong></span> <span class='ocrx_word' id='word_1_34' title='bbox 179 713 233 770; x_wconf 89' lang='lat' dir='ltr'><strong>luit</strong></span> <span class='ocrx_word' id='word_1_35' title='bbox 246 712 423 786; x_wconf 72' lang='lat' dir='ltr'><strong>precipuum</strong></span> <span class='ocrx_word' id='word_1_36' title='bbox 436 713 658 769; x_wconf 77' lang='lat' dir='ltr'><strong>levamentum?</strong></span> <span class='ocrx_word' id='word_1_37' title='bbox 674 713 742 778; x_wconf 88' lang='lat' dir='ltr'><strong>Quis</strong></span> <span class='ocrx_word' id='word_1_38' title='bbox 753 729 899 785; x_wconf 90' lang='lat' dir='ltr'><strong>porrono-</strong></span> <span class='ocrx_word' id='word_1_39' title='bbox 951 717 1065 770; x_wconf 89' lang='lat' dir='ltr'><strong>secutor</strong></span> <span class='ocrx_word' id='word_1_40' title='bbox 1076 718 1153 770; x_wconf 89' lang='lat' dir='ltr'><strong>certe</strong></span> <span class='ocrx_word' id='word_1_41' title='bbox 1170 714 1366 784; x_wconf 83' lang='lat' dir='ltr'><strong>intirmorum,</strong></span> <span class='ocrx_word' id='word_1_42' title='bbox 1391 732 1445 772; x_wconf 89' lang='lat' dir='ltr'><strong>nec</strong></span> <span class='ocrx_word' id='word_1_43' title='bbox 1465 717 1534 774; x_wconf 86' lang='lat' dir='ltr'><strong>satis</strong></span> <span class='ocrx_word' id='word_1_44' title='bbox 1556 717 1755 790; x_wconf 85' lang='lat' dir='ltr'><strong>perlectorum</strong></span> 
     </span>
     <span class='ocr_line' id='line_1_5' title="bbox 107 801 1757 876; baseline 0.004 -20"><span class='ocrx_word' id='word_1_45' title='bbox 107 801 148 857; x_wconf 91' lang='lat' dir='ltr'><strong>bis</strong></span> <span class='ocrx_word' id='word_1_46' title='bbox 156 801 325 870; x_wconf 90' lang='lat' dir='ltr'><strong>medebitur,</strong></span> <span class='ocrx_word' id='word_1_47' title='bbox 342 801 457 875; x_wconf 90' lang='lat' dir='ltr'><strong>qnando</strong></span> <span class='ocrx_word' id='word_1_48' title='bbox 473 801 519 857; x_wconf 91' lang='lat' dir='ltr'><strong>ille</strong></span> <span class='ocrx_word' id='word_1_49' title='bbox 536 818 589 858; x_wconf 90' lang='lat' dir='ltr'><strong>nos</strong></span> <span class='ocrx_word' id='word_1_50' title='bbox 604 801 720 870; x_wconf 88' lang='lat' dir='ltr'><strong>descrit,</strong></span> <span class='ocrx_word' id='word_1_51' title='bbox 736 802 785 874; x_wconf 91' lang='lat' dir='ltr'><strong>qui</strong></span> <span class='ocrx_word' id='word_1_52' title='bbox 796 803 900 863; x_wconf 89' lang='lat' dir='ltr'><strong>nostris</strong></span> <span class='ocrx_word' id='word_1_53' title='bbox 950 806 994 858; x_wconf 90' lang='lat' dir='ltr'><strong>est</strong></span> <span class='ocrx_word' id='word_1_54' title='bbox 1003 819 1038 858; x_wconf 90' lang='lat' dir='ltr'><strong>ea</strong></span> <span class='ocrx_word' id='word_1_55' title='bbox 1048 803 1216 872; x_wconf 89' lang='lat' dir='ltr'><strong>consolatio,</strong></span> <span class='ocrx_word' id='word_1_56' title='bbox 1227 804 1310 861; x_wconf 91' lang='lat' dir='ltr'><strong>multi</strong></span> <span class='ocrx_word' id='word_1_57' title='bbox 1325 804 1415 860; x_wconf 86' lang='lat' dir='ltr'><strong>sancti</strong></span> <span class='ocrx_word' id='word_1_58' title='bbox 1432 804 1577 876; x_wconf 75' lang='lat' dir='ltr'>patienter</span> <span class='ocrx_word' id='word_1_59' title='bbox 1591 808 1757 862; x_wconf 69' lang='lat' dir='ltr'><strong>tolerarunt</strong></span> 
     </span>
     <span class='ocr_line' id='line_1_6' title="bbox 108 881 1758 966; baseline 0.004 -21"><span class='ocrx_word' id='word_1_60' title='bbox 108 889 245 946; x_wconf 90' lang='lat' dir='ltr'><strong>doloribus</strong></span> <span class='ocrx_word' id='word_1_61' title='bbox 260 890 404 963; x_wconf 76' lang='lat' dir='ltr'><strong>praecipue</strong></span> <span class='ocrx_word' id='word_1_62' title='bbox 417 881 498 946; x_wconf 86' lang='lat' dir='ltr'><strong>novit</strong></span> <span class='ocrx_word' id='word_1_63' title='bbox 510 889 605 946; x_wconf 86' lang='lat' dir='ltr'><strong>facere</strong></span> <span class='ocrx_word' id='word_1_64' title='bbox 619 889 797 948; x_wconf 79' lang='lat' dir='ltr'>medicinam</span> <span class='ocrx_word' id='word_1_65' title='bbox 811 891 900 965; x_wconf 79' lang='lat' dir='ltr'><strong>‘lqure</strong></span> <span class='ocrx_word' id='word_1_66' title='bbox 950 891 1095 947; x_wconf 87' lang='lat' dir='ltr'><strong>malorum</strong></span> <span class='ocrx_word' id='word_1_67' title='bbox 1108 891 1337 966; x_wconf 78' lang='lat' dir='ltr'><strong>improbitatem,</strong></span> <span class='ocrx_word' id='word_1_68' title='bbox 1358 896 1387 949; x_wconf 90' lang='lat' dir='ltr'><strong>et</strong></span> <span class='ocrx_word' id='word_1_69' title='bbox 1410 909 1460 950; x_wconf 89' lang='lat' dir='ltr'><strong>soa</strong></span> <span class='ocrx_word' id='word_1_70' title='bbox 1479 894 1621 966; x_wconf 89' lang='lat' dir='ltr'><strong>patientia</strong></span> <span class='ocrx_word' id='word_1_71' title='bbox 1634 895 1697 952; x_wconf 93' lang='lat' dir='ltr'><strong>illos</strong></span> <span class='ocrx_word' id='word_1_72' title='bbox 1711 911 1758 952; x_wconf 91' lang='lat' dir='ltr'><strong>cu·</strong></span> 
     </span>
     <span class='ocr_line' id='line_1_7' title="bbox 108 978 1852 1059; baseline 0.005 -26"><span class='ocrx_word' id='word_1_73' title='bbox 108 978 184 1034; x_wconf 89' lang='lat' dir='ltr'><strong>nobis</strong></span> <span class='ocrx_word' id='word_1_74' title='bbox 196 979 294 1035; x_wconf 90' lang='lat' dir='ltr'><strong>salutis</strong></span> <span class='ocrx_word' id='word_1_75' title='bbox 309 995 373 1052; x_wconf 89' lang='lat' dir='ltr'><strong>spes</strong></span> <span class='ocrx_word' id='word_1_76' title='bbox 388 978 500 1053; x_wconf 89' lang='lat' dir='ltr'><strong>reliqua</strong></span> <span class='ocrx_word' id='word_1_77' title='bbox 514 982 567 1048; x_wconf 88' lang='lat' dir='ltr'><strong>est,</strong></span> <span class='ocrx_word' id='word_1_78' title='bbox 583 979 656 1038; x_wconf 91' lang='lat' dir='ltr'><strong>tanti</strong></span> <span class='ocrx_word' id='word_1_79' title='bbox 672 981 760 1053; x_wconf 89' lang='lat' dir='ltr'><strong>patris</strong></span> <span class='ocrx_word' id='word_1_80' title='bbox 773 995 899 1054; x_wconf 74' lang='lat' dir='ltr'><strong>prasen·</strong></span> <span class='ocrx_word' id='word_1_81' title='bbox 951 983 1063 1035; x_wconf 92' lang='lat' dir='ltr'><strong>rarunt.</strong></span> <span class='ocrx_word' id='word_1_82' title='bbox 1080 982 1228 1038; x_wconf 89' lang='lat' dir='ltr'><strong>Postremo</strong></span> <span class='ocrx_word' id='word_1_83' title='bbox 1243 985 1307 1038; x_wconf 89' lang='lat' dir='ltr'><strong>tum</strong></span> <span class='ocrx_word' id='word_1_84' title='bbox 1321 982 1463 1056; x_wconf 85' lang='lat' dir='ltr'><strong>iuglandi,</strong></span> <span class='ocrx_word' id='word_1_85' title='bbox 1479 999 1538 1039; x_wconf 90' lang='lat' dir='ltr'><strong>nou</strong></span> <span class='ocrx_word' id='word_1_86' title='bbox 1552 1000 1635 1059; x_wconf 79' lang='lat' dir='ltr'><strong>aequo</strong></span> <span class='ocrx_word' id='word_1_87' title='bbox 1651 984 1756 1041; x_wconf 90' lang='lat' dir='ltr'><strong>animo</strong></span> <span class='ocrx_word' id='word_1_88' title='bbox 1848 1044 1852 1058; x_wconf 44' lang='grc'><strong>,</strong></span> 
     </span>
     <span class='ocr_line' id='line_1_8' title="bbox 108 1066 1756 1147; baseline 0.004 -27"><span class='ocrx_word' id='word_1_89' title='bbox 108 1066 146 1122; x_wconf 88' lang='lat' dir='ltr'><strong>lia</strong></span> <span class='ocrx_word' id='word_1_90' title='bbox 157 1067 285 1124; x_wconf 89' lang='lat' dir='ltr'><strong>carituris</strong></span> <span class='ocrx_word' id='word_1_91' title='bbox 300 1068 315 1124; x_wconf 77' lang='lat' dir='ltr'><strong>t</strong></span> <span class='ocrx_word' id='word_1_92' title='bbox 378 1103 382 1112; x_wconf 87' lang='lat'>-</span> <span class='ocrx_word' id='word_1_93' title='bbox 952 1067 1064 1124; x_wconf 86' lang='lat' dir='ltr'><strong>terendi</strong></span> <span class='ocrx_word' id='word_1_94' title='bbox 1079 1071 1147 1124; x_wconf 91' lang='lat' dir='ltr'><strong>sunt</strong></span> <span class='ocrx_word' id='word_1_95' title='bbox 1160 1067 1241 1139; x_wconf 88' lang='lat' dir='ltr'><strong>meli,</strong></span> <span class='ocrx_word' id='word_1_96' title='bbox 1255 1084 1322 1125; x_wconf 90' lang='lat' dir='ltr'><strong>cum</strong></span> <span class='ocrx_word' id='word_1_97' title='bbox 1342 1070 1412 1126; x_wconf 89' lang='lat' dir='ltr'><strong>nulli</strong></span> <span class='ocrx_word' id='word_1_98' title='bbox 1432 1069 1537 1128; x_wconf 78' lang='lat' dir='ltr'><strong>adsunt</strong></span> <span class='ocrx_word' id='word_1_99' title='bbox 1552 1072 1632 1142; x_wconf 89' lang='lat' dir='ltr'><strong>boui,</strong></span> <span class='ocrx_word' id='word_1_100' title='bbox 1653 1072 1756 1147; x_wconf 89' lang='lat' dir='ltr'><strong>quibus</strong></span> 
     </span>
    </p>

    <p class='ocr_par' dir='ltr' id='par_1_3' title="bbox 84 1155 1828 4876">
     <span class='ocr_line' id='line_1_9' title="bbox 139 1155 1758 1234; baseline 0.003 -22"><span class='ocrx_word' id='word_1_101' title='bbox 139 1155 194 1216; x_wconf 88' lang='lat' dir='ltr'><strong>llV.</strong></span> <span class='ocrx_word' id='word_1_102' title='bbox 209 1157 316 1213; x_wconf 80' lang='lat' dir='ltr'><strong>Eorum</strong></span> <span class='ocrx_word' id='word_1_103' title='bbox 330 1173 398 1214; x_wconf 88' lang='lat' dir='ltr'><strong>vero</strong></span> <span class='ocrx_word' id='word_1_104' title='bbox 406 1157 539 1231; x_wconf 87' lang='lat' dir='ltr'><strong>lacrymis</strong></span> <span class='ocrx_word' id='word_1_105' title='bbox 550 1162 579 1214; x_wconf 90' lang='lat' dir='ltr'><strong>et</strong></span> <span class='ocrx_word' id='word_1_106' title='bbox 589 1158 779 1231; x_wconf 86' lang='lat' dir='ltr'><strong>querimoniis</strong></span> <span class='ocrx_word' id='word_1_107' title='bbox 784 1176 900 1234; x_wconf 90' lang='lat' dir='ltr'><strong>permo-</strong></span> <span class='ocrx_word' id='word_1_108' title='bbox 952 1155 1088 1228; x_wconf 77' lang='lat' dir='ltr'>prodesse</span> <span class='ocrx_word' id='word_1_109' title='bbox 1104 1173 1203 1231; x_wconf 85' lang='lat' dir='ltr'><strong>queas.</strong></span> <span class='ocrx_word' id='word_1_110' title='bbox 1217 1157 1358 1215; x_wconf 89' lang='lat' dir='ltr'><strong>Sedheul</strong></span> <span class='ocrx_word' id='word_1_111' title='bbox 1375 1158 1496 1216; x_wconf 83' lang='lat' dir='ltr'><strong>miseros</strong></span> <span class='ocrx_word' id='word_1_112' title='bbox 1506 1176 1559 1216; x_wconf 87' lang='lat' dir='ltr'><strong>nos</strong></span> <span class='ocrx_word' id='word_1_113' title='bbox 1569 1161 1694 1234; x_wconf 91' lang='lat' dir='ltr'><strong>quidum</strong></span> <span class='ocrx_word' id='word_1_114' title='bbox 1707 1163 1758 1217; x_wconf 84' lang='lat' dir='ltr'><strong>tua</strong></span> 
     </span>
     <span class='ocr_line' id='line_1_10' title="bbox 107 1243 1757 1320; baseline 0.002 -20"><span class='ocrx_word' id='word_1_115' title='bbox 107 1248 150 1300; x_wconf 87' lang='lat' dir='ltr'><strong>tus</strong></span> <span class='ocrx_word' id='word_1_116' title='bbox 160 1245 201 1300; x_wconf 84' lang='lat' dir='ltr'><strong>rir</strong></span> <span class='ocrx_word' id='word_1_117' title='bbox 215 1245 277 1313; x_wconf 87' lang='lat' dir='ltr'><strong>llei,</strong></span> <span class='ocrx_word' id='word_1_118' title='bbox 290 1244 335 1300; x_wconf 89' lang='lat' dir='ltr'><strong>bis</strong></span> <span class='ocrx_word' id='word_1_119' title='bbox 349 1247 412 1302; x_wconf 88' lang='lat' dir='ltr'><strong>lere</strong></span> <span class='ocrx_word' id='word_1_120' title='bbox 428 1245 523 1302; x_wconf 89' lang='lat' dir='ltr'><strong>verbis</strong></span> <span class='ocrx_word' id='word_1_121' title='bbox 538 1262 589 1302; x_wconf 92' lang='lat' dir='ltr'><strong>eos</strong></span> <span class='ocrx_word' id='word_1_122' title='bbox 604 1248 806 1304; x_wconf 87' lang='lat' dir='ltr'><strong>consolabatur</strong></span> <span class='ocrx_word' id='word_1_123' title='bbox 822 1265 829 1302; x_wconf 77' lang='grc' dir='ltr'>ι</span> <span class='ocrx_word' id='word_1_124' title='bbox 846 1247 902 1303; x_wconf 86' lang='lat' dir='ltr'><strong>No·</strong></span> <span class='ocrx_word' id='word_1_125' title='bbox 952 1243 1079 1301; x_wconf 90' lang='lat' dir='ltr'><strong>hominis</strong></span> <span class='ocrx_word' id='word_1_126' title='bbox 1101 1245 1304 1317; x_wconf 78' lang='lat' dir='ltr'><strong>perfectissimi</strong></span> <span class='ocrx_word' id='word_1_127' title='bbox 1329 1249 1484 1320; x_wconf 84' lang='lat' dir='ltr'><strong>praesentia</strong></span> <span class='ocrx_word' id='word_1_128' title='bbox 1513 1249 1707 1318; x_wconf 77' lang='lat' dir='ltr'><strong>destituimur,</strong></span> <span class='ocrx_word' id='word_1_129' title='bbox 1726 1249 1757 1304; x_wconf 93' lang='lat' dir='ltr'><strong>in</strong></span> 
     </span>
     <span class='ocr_line' id='line_1_11' title="bbox 107 1333 1758 1410; baseline 0.002 -20"><span class='ocrx_word' id='word_1_130' title='bbox 107 1335 162 1404; x_wconf 90' lang='lat' dir='ltr'><strong>lito,</strong></span> <span class='ocrx_word' id='word_1_131' title='bbox 181 1350 288 1407; x_wconf 80' lang='lat' dir='ltr'><strong>quaeso,</strong></span> <span class='ocrx_word' id='word_1_132' title='bbox 304 1333 397 1406; x_wconf 81' lang='lat' dir='ltr'><strong>lilioli,</strong></span> <span class='ocrx_word' id='word_1_133' title='bbox 413 1334 505 1391; x_wconf 92' lang='lat' dir='ltr'><strong>animi</strong></span> <span class='ocrx_word' id='word_1_134' title='bbox 521 1335 581 1392; x_wconf 90' lang='lat' dir='ltr'><strong>mei</strong></span> <span class='ocrx_word' id='word_1_135' title='bbox 597 1337 781 1410; x_wconf 90' lang='lat' dir='ltr'><strong>propositum</strong></span> <span class='ocrx_word' id='word_1_136' title='bbox 803 1335 903 1392; x_wconf 88' lang='lat' dir='ltr'><strong>vestris</strong></span> <span class='ocrx_word' id='word_1_137' title='bbox 954 1349 1020 1390; x_wconf 91' lang='lat' dir='ltr'><strong>eam</strong></span> <span class='ocrx_word' id='word_1_138' title='bbox 1038 1333 1167 1391; x_wconf 84' lang='lat' dir='ltr'><strong>inlamiae</strong></span> <span class='ocrx_word' id='word_1_139' title='bbox 1180 1335 1374 1408; x_wconf 89' lang='lat' dir='ltr'><strong>suspicionem</strong></span> <span class='ocrx_word' id='word_1_140' title='bbox 1387 1351 1536 1408; x_wconf 87' lang='lat' dir='ltr'><strong>vocamur,</strong></span> <span class='ocrx_word' id='word_1_141' title='bbox 1552 1342 1581 1394; x_wconf 90' lang='lat' dir='ltr'><strong>te</strong></span> <span class='ocrx_word' id='word_1_142' title='bbox 1595 1355 1655 1395; x_wconf 90' lang='lat' dir='ltr'><strong>noo</strong></span> <span class='ocrx_word' id='word_1_143' title='bbox 1669 1339 1758 1394; x_wconf 91' lang='lat' dir='ltr'><strong>modo</strong></span> 
     </span>
     <span class='ocr_line' id='line_1_12' title="bbox 107 1423 1758 1497; baseline 0.002 -19"><span class='ocrx_word' id='word_1_144' title='bbox 107 1423 236 1478; x_wconf 88' lang='lat' dir='ltr'><strong>lamentis</strong></span> <span class='ocrx_word' id='word_1_145' title='bbox 249 1424 409 1480; x_wconf 77' lang='lat' dir='ltr'><strong>retardare.</strong></span> <span class='ocrx_word' id='word_1_146' title='bbox 427 1423 647 1480; x_wconf 88' lang='lat' dir='ltr'><strong>llabelisDeum</strong></span> <span class='ocrx_word' id='word_1_147' title='bbox 656 1429 803 1496; x_wconf 87' lang='lat' dir='ltr'><strong>pastorem</strong></span> <span class='ocrx_word' id='word_1_148' title='bbox 817 1427 847 1482; x_wconf 92' lang='lat' dir='ltr'><strong>et</strong></span> <span class='ocrx_word' id='word_1_149' title='bbox 856 1440 904 1496; x_wconf 92' lang='lat' dir='ltr'><strong>pa·</strong></span> <span class='ocrx_word' id='word_1_150' title='bbox 954 1423 1117 1479; x_wconf 90' lang='lat' dir='ltr'><strong>studiorum</strong></span> <span class='ocrx_word' id='word_1_151' title='bbox 1143 1427 1310 1481; x_wconf 89' lang='lat' dir='ltr'><strong>nostrorum</strong></span> <span class='ocrx_word' id='word_1_152' title='bbox 1331 1428 1487 1497; x_wconf 78' lang='lat' dir='ltr'><strong>pertaesum</strong></span> <span class='ocrx_word' id='word_1_153' title='bbox 1508 1442 1580 1496; x_wconf 88' lang='lat' dir='ltr'><strong>esse,</strong></span> <span class='ocrx_word' id='word_1_154' title='bbox 1604 1427 1758 1484; x_wconf 89' lang='lat' dir='ltr'><strong>sedetiam</strong></span> 
     </span>
     <span class='ocr_line' id='line_1_13' title="bbox 107 1510 1760 1588; baseline 0.004 -22"><span class='ocrx_word' id='word_1_155' title='bbox 107 1517 177 1566; x_wconf 88' lang='lat' dir='ltr'><strong>trem</strong></span> <span class='ocrx_word' id='word_1_156' title='bbox 192 1510 268 1566; x_wconf 90' lang='lat' dir='ltr'><strong>intra</strong></span> <span class='ocrx_word' id='word_1_157' title='bbox 283 1527 342 1580; x_wconf 91' lang='lat' dir='ltr'><strong>vos,</strong></span> <span class='ocrx_word' id='word_1_158' title='bbox 358 1511 406 1584; x_wconf 92' lang='lat' dir='ltr'><strong>qui</strong></span> <span class='ocrx_word' id='word_1_159' title='bbox 420 1512 626 1586; x_wconf 89' lang='lat' dir='ltr'><strong>benignissime</strong></span> <span class='ocrx_word' id='word_1_160' title='bbox 649 1513 845 1571; x_wconf 77' lang='lat' dir='ltr'><strong>consolabitur</strong></span> <span class='ocrx_word' id='word_1_161' title='bbox 855 1530 904 1569; x_wconf 87' lang='lat' dir='ltr'><strong>vos</strong></span> <span class='ocrx_word' id='word_1_162' title='bbox 955 1510 1049 1582; x_wconf 89' lang='lat' dir='ltr'><strong>pravis</strong></span> <span class='ocrx_word' id='word_1_163' title='bbox 1064 1512 1224 1570; x_wconf 90' lang='lat' dir='ltr'><strong>actionibus</strong></span> <span class='ocrx_word' id='word_1_164' title='bbox 1239 1511 1345 1570; x_wconf 91' lang='lat' dir='ltr'><strong>nostris</strong></span> <span class='ocrx_word' id='word_1_165' title='bbox 1359 1514 1481 1588; x_wconf 83' lang='lat' dir='ltr'><strong>expelli;</strong></span> <span class='ocrx_word' id='word_1_166' title='bbox 1496 1517 1545 1571; x_wconf 91' lang='lat' dir='ltr'><strong>lno</strong></span> <span class='ocrx_word' id='word_1_167' title='bbox 1562 1515 1636 1572; x_wconf 89' lang='lat' dir='ltr'><strong>tanti</strong></span> <span class='ocrx_word' id='word_1_168' title='bbox 1645 1514 1698 1571; x_wconf 90' lang='lat' dir='ltr'><strong>viri</strong></span> <span class='ocrx_word' id='word_1_169' title='bbox 1712 1531 1760 1572; x_wconf 86' lang='lat' dir='ltr'><strong>re·</strong></span> 
     </span>
     <span class='ocr_line' id='line_1_14' title="bbox 108 1599 1763 1677; baseline 0.004 -24"><span class='ocrx_word' id='word_1_170' title='bbox 108 1599 135 1653; x_wconf 90' lang='lat' dir='ltr'><strong>in</strong></span> <span class='ocrx_word' id='word_1_171' title='bbox 143 1599 228 1655; x_wconf 89' lang='lat' dir='ltr'><strong>rebus</strong></span> <span class='ocrx_word' id='word_1_172' title='bbox 245 1599 323 1655; x_wconf 91' lang='lat' dir='ltr'><strong>doris</strong></span> <span class='ocrx_word' id='word_1_173' title='bbox 347 1604 377 1656; x_wconf 90' lang='lat' dir='ltr'><strong>et</strong></span> <span class='ocrx_word' id='word_1_174' title='bbox 393 1600 529 1659; x_wconf 88' lang='lat' dir='ltr'><strong>adversis.</strong></span> <span class='ocrx_word' id='word_1_175' title='bbox 545 1601 586 1657; x_wconf 86' lang='lat' dir='ltr'><strong>Ne</strong></span> <span class='ocrx_word' id='word_1_176' title='bbox 607 1601 677 1675; x_wconf 92' lang='lat' dir='ltr'><strong>quid</strong></span> <span class='ocrx_word' id='word_1_177' title='bbox 703 1605 800 1658; x_wconf 89' lang='lat' dir='ltr'><strong>autern</strong></span> <span class='ocrx_word' id='word_1_178' title='bbox 815 1602 905 1658; x_wconf 88' lang='lat' dir='ltr'><strong>etiam</strong></span> <span class='ocrx_word' id='word_1_179' title='bbox 956 1600 1126 1656; x_wconf 90' lang='lat' dir='ltr'><strong>cessuhaud</strong></span> <span class='ocrx_word' id='word_1_180' title='bbox 1139 1601 1259 1658; x_wconf 89' lang='lat' dir='ltr'><strong>obscure</strong></span> <span class='ocrx_word' id='word_1_181' title='bbox 1283 1601 1464 1674; x_wconf 86' lang='lat' dir='ltr'><strong>significante</strong></span> <span class='ocrx_word' id='word_1_182' title='bbox 1479 1603 1591 1660; x_wconf 81' lang='lat' dir='ltr'><strong>nubum</strong></span> <span class='ocrx_word' id='word_1_183' title='bbox 1611 1604 1687 1677; x_wconf 88' lang='lat' dir='ltr'><strong>apud</strong></span> <span class='ocrx_word' id='word_1_184' title='bbox 1708 1619 1763 1660; x_wconf 91' lang='lat' dir='ltr'><strong>nos</strong></span> 
     </span>
     <span class='ocr_line' id='line_1_15' title="bbox 108 1687 1764 1765; baseline 0.003 -22"><span class='ocrx_word' id='word_1_185' title='bbox 108 1687 906 1761; x_wconf 80' lang='lat' dir='ltr'><strong>extrinsecusdesideretis,proridimusrobisllliumnos-</strong></span> <span class='ocrx_word' id='word_1_186' title='bbox 956 1687 1067 1745; x_wconf 91' lang='lat' dir='ltr'><strong>bonum</strong></span> <span class='ocrx_word' id='word_1_187' title='bbox 1082 1705 1240 1762; x_wconf 84' lang='lat' dir='ltr'><strong>superesse.</strong></span> <span class='ocrx_word' id='word_1_188' title='bbox 1254 1689 1330 1745; x_wconf 90' lang='lat' dir='ltr'><strong>Nihil</strong></span> <span class='ocrx_word' id='word_1_189' title='bbox 1341 1691 1405 1763; x_wconf 86' lang='lat' dir='ltr'><strong>jam</strong></span> <span class='ocrx_word' id='word_1_190' title='bbox 1420 1689 1566 1765; x_wconf 90' lang='lat' dir='ltr'><strong>reliquum</strong></span> <span class='ocrx_word' id='word_1_191' title='bbox 1589 1694 1642 1760; x_wconf 89' lang='lat' dir='ltr'><strong>est,</strong></span> <span class='ocrx_word' id='word_1_192' title='bbox 1657 1693 1713 1750; x_wconf 90' lang='lat' dir='ltr'><strong>nisi</strong></span> <span class='ocrx_word' id='word_1_193' title='bbox 1731 1695 1764 1748; x_wconf 90' lang='lat' dir='ltr'><strong>ut</strong></span> 
     </span>
     <span class='ocr_line' id='line_1_16' title="bbox 108 1777 1762 1854; baseline 0.002 -20"><span class='ocrx_word' id='word_1_194' title='bbox 108 1783 181 1836; x_wconf 78' lang='lat' dir='ltr'><strong>bum</strong></span> <span class='ocrx_word' id='word_1_195' title='bbox 193 1778 408 1848; x_wconf 90' lang='lat' dir='ltr'><strong>Theodardum,</strong></span> <span class='ocrx_word' id='word_1_196' title='bbox 417 1778 447 1836; x_wconf 92' lang='lat' dir='ltr'><strong>in</strong></span> <span class='ocrx_word' id='word_1_197' title='bbox 458 1779 593 1836; x_wconf 86' lang='lat' dir='ltr'><strong>omnibus</strong></span> <span class='ocrx_word' id='word_1_198' title='bbox 601 1779 769 1852; x_wconf 90' lang='lat' dir='ltr'><strong>probatum,</strong></span> <span class='ocrx_word' id='word_1_199' title='bbox 782 1781 831 1854; x_wconf 92' lang='lat' dir='ltr'><strong>qui</strong></span> <span class='ocrx_word' id='word_1_200' title='bbox 841 1780 906 1836; x_wconf 90' lang='lat' dir='ltr'><strong>dili·</strong></span> <span class='ocrx_word' id='word_1_201' title='bbox 957 1777 1171 1834; x_wconf 86' lang='lat' dir='ltr'><strong>calumnientur</strong></span> <span class='ocrx_word' id='word_1_202' title='bbox 1187 1778 1406 1848; x_wconf 86' lang='lat' dir='ltr'><strong>obtrectatores,</strong></span> <span class='ocrx_word' id='word_1_203' title='bbox 1423 1781 1603 1852; x_wconf 80' lang='lat' dir='ltr'><strong>augurentur</strong></span> <span class='ocrx_word' id='word_1_204' title='bbox 1616 1780 1762 1850; x_wconf 89' lang='lat' dir='ltr'><strong>maledici,</strong></span> 
     </span>
     <span class='ocr_line' id='line_1_17' title="bbox 109 1863 1763 1941; baseline 0.002 -18"><span class='ocrx_word' id='word_1_205' title='bbox 109 1867 271 1940; x_wconf 87' lang='lat' dir='ltr'><strong>gentissime</strong></span> <span class='ocrx_word' id='word_1_206' title='bbox 290 1867 374 1923; x_wconf 88' lang='lat' dir='ltr'><strong>saluti</strong></span> <span class='ocrx_word' id='word_1_207' title='bbox 385 1871 486 1924; x_wconf 77' lang='lat' dir='ltr'><strong>vestre</strong></span> <span class='ocrx_word' id='word_1_208' title='bbox 498 1868 671 1941; x_wconf 77' lang='lat' dir='ltr'><strong>invigilabit,</strong></span> <span class='ocrx_word' id='word_1_209' title='bbox 684 1874 713 1925; x_wconf 88' lang='lat' dir='ltr'><strong>et</strong></span> <span class='ocrx_word' id='word_1_210' title='bbox 721 1869 811 1926; x_wconf 92' lang='lat' dir='ltr'><strong>tritici</strong></span> <span class='ocrx_word' id='word_1_211' title='bbox 822 1885 905 1926; x_wconf 89' lang='lat' dir='ltr'><strong>men·</strong></span> <span class='ocrx_word' id='word_1_212' title='bbox 921 1863 1133 1924; x_wconf 87' lang='lat' dir='ltr'><strong>Bsuocessores</strong></span> <span class='ocrx_word' id='word_1_213' title='bbox 1150 1867 1214 1922; x_wconf 87' lang='lat' dir='ltr'><strong>tuos</strong></span> <span class='ocrx_word' id='word_1_214' title='bbox 1235 1883 1297 1923; x_wconf 89' lang='lat' dir='ltr'><strong>non</strong></span> <span class='ocrx_word' id='word_1_215' title='bbox 1315 1867 1405 1924; x_wconf 91' lang='lat' dir='ltr'><strong>modo</strong></span> <span class='ocrx_word' id='word_1_216' title='bbox 1424 1867 1591 1940; x_wconf 87' lang='lat' dir='ltr'><strong>ejiciendos,</strong></span> <span class='ocrx_word' id='word_1_217' title='bbox 1607 1870 1658 1926; x_wconf 89' lang='lat' dir='ltr'><strong>sed</strong></span> <span class='ocrx_word' id='word_1_218' title='bbox 1674 1869 1763 1926; x_wconf 87' lang='lat' dir='ltr'><strong>etiam</strong></span> 
     </span>
     <span class='ocr_line' id='line_1_18' title="bbox 109 1955 1763 2033; baseline 0.002 -22"><span class='ocrx_word' id='word_1_219' title='bbox 109 1956 288 2011; x_wconf 85' lang='lat' dir='ltr'><strong>suramrobis</strong></span> <span class='ocrx_word' id='word_1_220' title='bbox 298 1971 418 2022; x_wconf 55' lang='lat' dir='ltr'><strong>,summa</strong></span> <span class='ocrx_word' id='word_1_221' title='bbox 427 1956 484 2011; x_wconf 92' lang='lat' dir='ltr'><strong>llde</strong></span> <span class='ocrx_word' id='word_1_222' title='bbox 498 1955 908 2033; x_wconf 75' lang='lat' dir='ltr'><strong>dispensabittiojuspruden·</strong></span> <span class='ocrx_word' id='word_1_223' title='bbox 958 1958 1053 2010; x_wconf 87' lang='lat' dir='ltr'><strong>morte</strong></span> <span class='ocrx_word' id='word_1_224' title='bbox 1064 1955 1243 2025; x_wconf 87' lang='lat' dir='ltr'><strong>alliciendos,</strong></span> <span class='ocrx_word' id='word_1_225' title='bbox 1256 1956 1449 2030; x_wconf 89' lang='lat' dir='ltr'><strong>quandoettu</strong></span> <span class='ocrx_word' id='word_1_226' title='bbox 1459 1959 1489 2014; x_wconf 90' lang='lat' dir='ltr'><strong>te</strong></span> <span class='ocrx_word' id='word_1_227' title='bbox 1499 1957 1608 2014; x_wconf 88' lang='lat' dir='ltr'><strong>anobis</strong></span> <span class='ocrx_word' id='word_1_228' title='bbox 1618 1957 1763 2027; x_wconf 83' lang='lat' dir='ltr'><strong>subducis,</strong></span> 
     </span>
     <span class='ocr_line' id='line_1_19' title="bbox 107 2043 1765 2122; baseline 0.004 -22"><span class='ocrx_word' id='word_1_229' title='bbox 107 2045 246 2101; x_wconf 90' lang='lat' dir='ltr'><strong>tiamcum</strong></span> <span class='ocrx_word' id='word_1_230' title='bbox 256 2043 335 2100; x_wconf 87' lang='lat' dir='ltr'><strong>vobis</strong></span> <span class='ocrx_word' id='word_1_231' title='bbox 344 2061 403 2102; x_wconf 87' lang='lat' dir='ltr'><strong>non</strong></span> <span class='ocrx_word' id='word_1_232' title='bbox 413 2045 543 2101; x_wconf 89' lang='lat' dir='ltr'><strong>dubitem</strong></span> <span class='ocrx_word' id='word_1_233' title='bbox 551 2047 693 2114; x_wconf 83' lang='lat' dir='ltr'><strong>sulficere,</strong></span> <span class='ocrx_word' id='word_1_234' title='bbox 707 2048 791 2121; x_wconf 91' lang='lat' dir='ltr'><strong>cupio</strong></span> <span class='ocrx_word' id='word_1_235' title='bbox 802 2049 908 2119; x_wconf 76' lang='lat' dir='ltr'><strong>optatis</strong></span> <span class='ocrx_word' id='word_1_236' title='bbox 959 2046 988 2098; x_wconf 88' lang='lat' dir='ltr'><strong>et</strong></span> <span class='ocrx_word' id='word_1_237' title='bbox 1002 2044 1101 2100; x_wconf 85' lang='lat' dir='ltr'><strong>beatus</strong></span> <span class='ocrx_word' id='word_1_238' title='bbox 1113 2045 1273 2110; x_wconf 78' lang='lat' dir='ltr'><strong>Amandus.</strong></span> <span class='ocrx_word' id='word_1_239' title='bbox 1284 2047 1416 2102; x_wconf 77' lang='lat' dir='ltr'><strong>decessor</strong></span> <span class='ocrx_word' id='word_1_240' title='bbox 1423 2048 1650 2118; x_wconf 68' lang='lat' dir='ltr'><strong>tuusputvorem</strong></span> <span class='ocrx_word' id='word_1_241' title='bbox 1656 2047 1765 2122; x_wconf 85' lang='lat' dir='ltr'><strong>pedum</strong></span> 
     </span>
     <span class='ocr_line' id='line_1_20' title="bbox 108 2127 1764 2208; baseline 0.002 -18"><span class='ocrx_word' id='word_1_242' title='bbox 108 2149 151 2190; x_wconf 89' lang='lat' dir='ltr'><strong>me</strong></span> <span class='ocrx_word' id='word_1_243' title='bbox 166 2133 236 2190; x_wconf 83' lang='lat' dir='ltr'><strong>dare</strong></span> <span class='ocrx_word' id='word_1_244' title='bbox 250 2132 414 2190; x_wconf 89' lang='lat' dir='ltr'><strong>solitudinis</strong></span> <span class='ocrx_word' id='word_1_245' title='bbox 426 2136 456 2189; x_wconf 90' lang='lat' dir='ltr'><strong>et</strong></span> <span class='ocrx_word' id='word_1_246' title='bbox 467 2134 498 2190; x_wconf 92' lang='lat' dir='ltr'><strong>io</strong></span> <span class='ocrx_word' id='word_1_247' title='bbox 509 2135 664 2207; x_wconf 72' lang='lat' dir='ltr'><strong>praesentia</strong></span> <span class='ocrx_word' id='word_1_248' title='bbox 674 2135 908 2208; x_wconf 77' lang='lat' dir='ltr'><strong>illiosdsjestan&#39;s</strong></span> <span class='ocrx_word' id='word_1_249' title='bbox 958 2133 989 2190; x_wconf 91' lang='lat' dir='ltr'><strong>in</strong></span> <span class='ocrx_word' id='word_1_250' title='bbox 1005 2127 1058 2190; x_wconf 76' lang='lat' dir='ltr'><strong>no&#39;s</strong></span> <span class='ocrx_word' id='word_1_251' title='bbox 1073 2133 1348 2203; x_wconf 85' lang='lat' dir='ltr'><strong>excutiens,anobis</strong></span> <span class='ocrx_word' id='word_1_252' title='bbox 1358 2135 1485 2193; x_wconf 75' lang='lat' dir='ltr'><strong>recessit.</strong></span> <span class='ocrx_word' id='word_1_253' title='bbox 1495 2135 1606 2192; x_wconf 80' lang='lat' dir='ltr'><strong>Verum</strong></span> <span class='ocrx_word' id='word_1_254' title='bbox 1616 2137 1690 2192; x_wconf 85' lang='lat' dir='ltr'><strong>Deus</strong></span> <span class='ocrx_word' id='word_1_255' title='bbox 1701 2151 1764 2193; x_wconf 90' lang='lat' dir='ltr'><strong>om·</strong></span> 
     </span>
     <span class='ocr_line' id='line_1_21' title="bbox 108 2221 1767 2297; baseline 0.001 -19"><span class='ocrx_word' id='word_1_256' title='bbox 108 2223 204 2278; x_wconf 90' lang='lat' dir='ltr'><strong>omnia</strong></span> <span class='ocrx_word' id='word_1_257' title='bbox 215 2223 766 2296; x_wconf 80' lang='lat' dir='ltr'><strong>contemplantishabitaremecumdd</strong></span> <span class='ocrx_word' id='word_1_258' title='bbox 776 2226 908 2282; x_wconf 75' lang='lat' dir='ltr'><strong>haeres·</strong></span> <span class='ocrx_word' id='word_1_259' title='bbox 959 2222 1105 2297; x_wconf 74' lang='lat' dir='ltr'><strong>bipotens,</strong></span> <span class='ocrx_word' id='word_1_260' title='bbox 1118 2221 1211 2279; x_wconf 89' lang='lat' dir='ltr'><strong>lacilis</strong></span> <span class='ocrx_word' id='word_1_261' title='bbox 1225 2221 1261 2279; x_wconf 93' lang='lat' dir='ltr'><strong>ad</strong></span> <span class='ocrx_word' id='word_1_262' title='bbox 1282 2222 1504 2296; x_wconf 88' lang='lat' dir='ltr'><strong>ignoscendum,</strong></span> <span class='ocrx_word' id='word_1_263' title='bbox 1523 2241 1589 2280; x_wconf 89' lang='lat' dir='ltr'><strong>com</strong></span> <span class='ocrx_word' id='word_1_264' title='bbox 1603 2224 1767 2297; x_wconf 61' lang='lat' dir='ltr'><strong>obiurgavit</strong></span> 
     </span>
     <span class='ocr_line' id='line_1_22' title="bbox 107 2311 1766 2386; baseline 0.002 -20"><span class='ocrx_word' id='word_1_265' title='bbox 107 2311 279 2384; x_wconf 78' lang='lat' dir='ltr'><strong>ponderant,</strong></span> <span class='ocrx_word' id='word_1_266' title='bbox 290 2312 341 2384; x_wconf 91' lang='lat' dir='ltr'><strong>qui</strong></span> <span class='ocrx_word' id='word_1_267' title='bbox 358 2311 494 2368; x_wconf 89' lang='lat' dir='ltr'><strong>intereos</strong></span> <span class='ocrx_word' id='word_1_268' title='bbox 511 2316 595 2369; x_wconf 91' lang='lat' dir='ltr'><strong>erant</strong></span> <span class='ocrx_word' id='word_1_269' title='bbox 604 2313 807 2386; x_wconf 89' lang='lat' dir='ltr'><strong>prudentiores</strong></span> <span class='ocrx_word' id='word_1_270' title='bbox 819 2331 826 2369; x_wconf 92' lang='lat'>:</span> <span class='ocrx_word' id='word_1_271' title='bbox 838 2314 909 2370; x_wconf 86' lang='lat' dir='ltr'><strong>Vide</strong></span> <span class='ocrx_word' id='word_1_272' title='bbox 959 2313 1146 2384; x_wconf 87' lang='lat' dir='ltr'><strong>prophetam,</strong></span> <span class='ocrx_word' id='word_1_273' title='bbox 1162 2312 1199 2368; x_wconf 93' lang='lat' dir='ltr'><strong>ob</strong></span> <span class='ocrx_word' id='word_1_274' title='bbox 1220 2311 1362 2368; x_wconf 90' lang='lat' dir='ltr'><strong>hederam</strong></span> <span class='ocrx_word' id='word_1_275' title='bbox 1384 2311 1479 2369; x_wconf 87' lang='lat' dir='ltr'><strong>subito</strong></span> <span class='ocrx_word' id='word_1_276' title='bbox 1495 2317 1675 2370; x_wconf 86' lang='lat' dir='ltr'><strong>arescentem</strong></span> <span class='ocrx_word' id='word_1_277' title='bbox 1690 2313 1766 2370; x_wconf 89' lang='lat' dir='ltr'><strong>male</strong></span> 
     </span>
     <span class='ocr_line' id='line_1_23' title="bbox 106 2399 1768 2477; baseline 0.004 -23"><span class='ocrx_word' id='word_1_278' title='bbox 106 2399 192 2456; x_wconf 89' lang='lat' dir='ltr'><strong>etiam</strong></span> <span class='ocrx_word' id='word_1_279' title='bbox 207 2402 293 2472; x_wconf 91' lang='lat' dir='ltr'><strong>alque</strong></span> <span class='ocrx_word' id='word_1_280' title='bbox 309 2399 409 2468; x_wconf 87' lang='lat' dir='ltr'><strong>etiam,</strong></span> <span class='ocrx_word' id='word_1_281' title='bbox 430 2400 596 2456; x_wconf 87' lang='lat' dir='ltr'><strong>beatissime</strong></span> <span class='ocrx_word' id='word_1_282' title='bbox 612 2403 707 2471; x_wconf 88' lang='lat' dir='ltr'><strong>Pater,</strong></span> <span class='ocrx_word' id='word_1_283' title='bbox 731 2399 802 2477; x_wconf 89' lang='lat' dir='ltr'><strong>quid</strong></span> <span class='ocrx_word' id='word_1_284' title='bbox 821 2419 907 2475; x_wconf 87' lang='lat' dir='ltr'><strong>agas;</strong></span> <span class='ocrx_word' id='word_1_285' title='bbox 960 2401 1517 2476; x_wconf 76' lang='lat' dir='ltr'><strong>contentum(Jona1rl,salisdeclaravit</strong></span> <span class='ocrx_word' id='word_1_286' title='bbox 1527 2405 1651 2477; x_wconf 86' lang='lat' dir='ltr'><strong>solonge</strong></span> <span class='ocrx_word' id='word_1_287' title='bbox 1662 2404 1768 2476; x_wconf 84' lang='lat' dir='ltr'><strong>aegrius</strong></span> 
     </span>
     <span class='ocr_line' id='line_1_24' title="bbox 106 2487 1770 2566; baseline 0.004 -23"><span class='ocrx_word' id='word_1_288' title='bbox 106 2489 221 2544; x_wconf 87' lang='lat' dir='ltr'><strong>attende</strong></span> <span class='ocrx_word' id='word_1_289' title='bbox 232 2505 289 2560; x_wconf 90' lang='lat' dir='ltr'><strong>qua</strong></span> <span class='ocrx_word' id='word_1_290' title='bbox 301 2503 354 2544; x_wconf 90' lang='lat' dir='ltr'><strong>nos</strong></span> <span class='ocrx_word' id='word_1_291' title='bbox 366 2487 529 2561; x_wconf 80' lang='lat' dir='ltr'><strong>ignominia</strong></span> <span class='ocrx_word' id='word_1_292' title='bbox 541 2489 649 2546; x_wconf 87' lang='lat' dir='ltr'><strong>allicias</strong></span> <span class='ocrx_word' id='word_1_293' title='bbox 660 2490 675 2546; x_wconf 77' lang='lat' dir='ltr'><strong>t</strong></span> <span class='ocrx_word' id='word_1_294' title='bbox 686 2491 809 2564; x_wconf 88' lang='lat' dir='ltr'><strong>Gregem</strong></span> <span class='ocrx_word' id='word_1_295' title='bbox 821 2507 908 2564; x_wconf 88' lang='lat' dir='ltr'><strong>quem</strong></span> <span class='ocrx_word' id='word_1_296' title='bbox 960 2492 1088 2548; x_wconf 88' lang='lat' dir='ltr'><strong>laturum</strong></span> <span class='ocrx_word' id='word_1_297' title='bbox 1102 2491 1126 2546; x_wconf 88' lang='lat' dir='ltr'><strong>si</strong></span> <span class='ocrx_word' id='word_1_298' title='bbox 1135 2494 1237 2565; x_wconf 90' lang='lat' dir='ltr'><strong>pereat</strong></span> <span class='ocrx_word' id='word_1_299' title='bbox 1249 2493 1384 2547; x_wconf 87' lang='lat' dir='ltr'><strong>creatura</strong></span> <span class='ocrx_word' id='word_1_300' title='bbox 1395 2490 1494 2566; x_wconf 88' lang='lat' dir='ltr'><strong>ipsius,</strong></span> <span class='ocrx_word' id='word_1_301' title='bbox 1508 2508 1596 2566; x_wconf 88' lang='lat' dir='ltr'><strong>seque</strong></span> <span class='ocrx_word' id='word_1_302' title='bbox 1610 2493 1700 2548; x_wconf 91' lang='lat' dir='ltr'><strong>malle</strong></span> <span class='ocrx_word' id='word_1_303' title='bbox 1710 2507 1770 2564; x_wconf 86' lang='lat' dir='ltr'><strong>poe·</strong></span> 
     </span>
     <span class='ocr_line' id='line_1_25' title="bbox 104 2574 1768 2655; baseline 0.004 -23"><span class='ocrx_word' id='word_1_304' title='bbox 104 2579 193 2633; x_wconf 86' lang='lat' dir='ltr'><strong>semel</strong></span> <span class='ocrx_word' id='word_1_305' title='bbox 204 2577 380 2650; x_wconf 89' lang='lat' dir='ltr'><strong>pascendum</strong></span> <span class='ocrx_word' id='word_1_306' title='bbox 393 2594 568 2652; x_wconf 88' lang='lat' dir='ltr'><strong>susceperas,</strong></span> <span class='ocrx_word' id='word_1_307' title='bbox 579 2581 613 2635; x_wconf 92' lang='lat' dir='ltr'><strong>ut</strong></span> <span class='ocrx_word' id='word_1_308' title='bbox 623 2574 733 2636; x_wconf 84' lang='lat' dir='ltr'><strong>babent</strong></span> <span class='ocrx_word' id='word_1_309' title='bbox 741 2584 909 2636; x_wconf 89' lang='lat' dir='ltr'><strong>sanctorum</strong></span> <span class='ocrx_word' id='word_1_310' title='bbox 962 2581 1119 2637; x_wconf 89' lang='lat' dir='ltr'><strong>nitentiam</strong></span> <span class='ocrx_word' id='word_1_311' title='bbox 1136 2581 1282 2638; x_wconf 89' lang='lat' dir='ltr'><strong>malorum</strong></span> <span class='ocrx_word' id='word_1_312' title='bbox 1298 2597 1388 2654; x_wconf 89' lang='lat' dir='ltr'><strong>quam</strong></span> <span class='ocrx_word' id='word_1_313' title='bbox 1409 2583 1537 2638; x_wconf 89' lang='lat' dir='ltr'><strong>mortem</strong></span> <span class='ocrx_word' id='word_1_314' title='bbox 1554 2580 1661 2654; x_wconf 62' lang='lat' dir='ltr'><strong>(Erat.</strong></span> <span class='ocrx_word' id='word_1_315' title='bbox 1677 2581 1768 2655; x_wconf 77' lang='grc' dir='ltr'>ιιιιι).</span> 
     </span>
     <span class='ocr_line' id='line_1_26' title="bbox 104 2666 1770 2743; baseline 0.002 -21"><span class='ocrx_word' id='word_1_316' title='bbox 104 2667 224 2722; x_wconf 84' lang='lat' dir='ltr'><strong>Petrum</strong></span> <span class='ocrx_word' id='word_1_317' title='bbox 248 2669 364 2735; x_wconf 89' lang='lat' dir='ltr'><strong>statuta,</strong></span> <span class='ocrx_word' id='word_1_318' title='bbox 394 2666 449 2722; x_wconf 88' lang='lat' dir='ltr'><strong>nisi</strong></span> <span class='ocrx_word' id='word_1_319' title='bbox 473 2667 643 2726; x_wconf 84' lang='lat' dir='ltr'><strong>infirmitate</strong></span> <span class='ocrx_word' id='word_1_320' title='bbox 665 2672 799 2741; x_wconf 90' lang='lat' dir='ltr'><strong>cogente,</strong></span> <span class='ocrx_word' id='word_1_321' title='bbox 811 2672 840 2724; x_wconf 90' lang='lat' dir='ltr'><strong>et</strong></span> <span class='ocrx_word' id='word_1_322' title='bbox 855 2667 911 2724; x_wconf 89' lang='lat' dir='ltr'><strong>nisi</strong></span> <span class='ocrx_word' id='word_1_323' title='bbox 997 2669 1077 2728; x_wconf 88' lang='lat' dir='ltr'><strong>llllll.</strong></span> <span class='ocrx_word' id='word_1_324' title='bbox 1093 2667 1253 2726; x_wconf 86' lang='lat' dir='ltr'><strong>llisrerbis</strong></span> <span class='ocrx_word' id='word_1_325' title='bbox 1267 2667 1485 2726; x_wconf 88' lang='lat' dir='ltr'><strong>commotnsvir</strong></span> <span class='ocrx_word' id='word_1_326' title='bbox 1500 2668 1562 2740; x_wconf 85' lang='lat' dir='ltr'><strong>Dei,</strong></span> <span class='ocrx_word' id='word_1_327' title='bbox 1577 2669 1770 2743; x_wconf 88' lang='lat' dir='ltr'><strong>tacitusapud</strong></span> 
     </span>
     <span class='ocr_line' id='line_1_27' title="bbox 102 2754 1770 2831; baseline 0.001 -19"><span class='ocrx_word' id='word_1_328' title='bbox 102 2758 207 2828; x_wconf 87' lang='lat' dir='ltr'><strong>sponte</strong></span> <span class='ocrx_word' id='word_1_329' title='bbox 222 2755 272 2810; x_wconf 89' lang='lat' dir='ltr'><strong>tna</strong></span> <span class='ocrx_word' id='word_1_330' title='bbox 285 2755 316 2810; x_wconf 91' lang='lat' dir='ltr'><strong>id</strong></span> <span class='ocrx_word' id='word_1_331' title='bbox 327 2754 425 2824; x_wconf 85' lang='lat' dir='ltr'><strong>iacias,</strong></span> <span class='ocrx_word' id='word_1_332' title='bbox 440 2756 605 2831; x_wconf 89' lang='lat' dir='ltr'><strong>relinquere</strong></span> <span class='ocrx_word' id='word_1_333' title='bbox 614 2756 667 2812; x_wconf 93' lang='lat' dir='ltr'><strong>tibi</strong></span> <span class='ocrx_word' id='word_1_334' title='bbox 678 2774 737 2814; x_wconf 88' lang='lat' dir='ltr'><strong>non</strong></span> <span class='ocrx_word' id='word_1_335' title='bbox 748 2757 825 2814; x_wconf 90' lang='lat' dir='ltr'><strong>licet.</strong></span> <span class='ocrx_word' id='word_1_336' title='bbox 838 2759 910 2813; x_wconf 88' lang='lat' dir='ltr'><strong>Nam</strong></span> <span class='ocrx_word' id='word_1_337' title='bbox 962 2774 992 2814; x_wconf 88' lang='lat' dir='ltr'><strong>se</strong></span> <span class='ocrx_word' id='word_1_338' title='bbox 1006 2757 1137 2831; x_wconf 86' lang='lat' dir='ltr'><strong>cogitans</strong></span> <span class='ocrx_word' id='word_1_339' title='bbox 1147 2755 1330 2830; x_wconf 88' lang='lat' dir='ltr'><strong>aliquandiu,</strong></span> <span class='ocrx_word' id='word_1_340' title='bbox 1350 2759 1471 2814; x_wconf 88' lang='lat' dir='ltr'><strong>tandem</strong></span> <span class='ocrx_word' id='word_1_341' title='bbox 1483 2757 1515 2814; x_wconf 90' lang='lat' dir='ltr'><strong>in</strong></span> <span class='ocrx_word' id='word_1_342' title='bbox 1526 2759 1588 2815; x_wconf 84' lang='lat' dir='ltr'><strong>haec</strong></span> <span class='ocrx_word' id='word_1_343' title='bbox 1607 2760 1695 2816; x_wconf 90' lang='lat' dir='ltr'><strong>verba</strong></span> <span class='ocrx_word' id='word_1_344' title='bbox 1706 2775 1770 2830; x_wconf 93' lang='lat' dir='ltr'><strong>pro-</strong></span> 
     </span>
     <span class='ocr_line' id='line_1_28' title="bbox 103 2843 1770 2920; baseline 0.001 -20"><span class='ocrx_word' id='word_1_345' title='bbox 103 2843 174 2900; x_wconf 89' lang='lat' dir='ltr'><strong>dum</strong></span> <span class='ocrx_word' id='word_1_346' title='bbox 191 2843 340 2917; x_wconf 89' lang='lat' dir='ltr'><strong>episcopus</strong></span> <span class='ocrx_word' id='word_1_347' title='bbox 354 2843 433 2912; x_wconf 87' lang='lat' dir='ltr'><strong>vivit,</strong></span> <span class='ocrx_word' id='word_1_348' title='bbox 444 2859 531 2917; x_wconf 90' lang='lat' dir='ltr'><strong>quem</strong></span> <span class='ocrx_word' id='word_1_349' title='bbox 547 2845 584 2902; x_wconf 93' lang='lat' dir='ltr'><strong>ab</strong></span> <span class='ocrx_word' id='word_1_350' title='bbox 600 2845 694 2902; x_wconf 83' lang='lat' dir='ltr'><strong>officio</strong></span> <span class='ocrx_word' id='word_1_351' title='bbox 711 2863 761 2902; x_wconf 91' lang='lat' dir='ltr'><strong>suo</strong></span> <span class='ocrx_word' id='word_1_352' title='bbox 773 2845 910 2902; x_wconf 84' lang='lat' dir='ltr'><strong>valetudi·</strong></span> <span class='ocrx_word' id='word_1_353' title='bbox 961 2847 1061 2919; x_wconf 88' lang='lat' dir='ltr'><strong>rupit:</strong></span> <span class='ocrx_word' id='word_1_354' title='bbox 1076 2845 1182 2914; x_wconf 89' lang='lat' dir='ltr'><strong>Nolite,</strong></span> <span class='ocrx_word' id='word_1_355' title='bbox 1192 2845 1297 2902; x_wconf 84' lang='lat' dir='ltr'><strong>iratres</strong></span> <span class='ocrx_word' id='word_1_356' title='bbox 1307 2845 1377 2916; x_wconf 88' lang='lat' dir='ltr'><strong>mei,</strong></span> <span class='ocrx_word' id='word_1_357' title='bbox 1389 2845 1420 2901; x_wconf 93' lang='lat' dir='ltr'><strong>id</strong></span> <span class='ocrx_word' id='word_1_358' title='bbox 1430 2861 1522 2919; x_wconf 89' lang='lat' dir='ltr'><strong>genus</strong></span> <span class='ocrx_word' id='word_1_359' title='bbox 1533 2847 1628 2904; x_wconf 89' lang='lat' dir='ltr'><strong>verbis</strong></span> <span class='ocrx_word' id='word_1_360' title='bbox 1636 2863 1770 2920; x_wconf 81' lang='lat' dir='ltr'><strong>mopere·</strong></span> 
     </span>
     <span class='ocr_line' id='line_1_29' title="bbox 101 2930 1828 3009; baseline 0.002 -19"><span class='ocrx_word' id='word_1_361' title='bbox 101 2932 148 2990; x_wconf 89' lang='lat' dir='ltr'><strong>nis</strong></span> <span class='ocrx_word' id='word_1_362' title='bbox 166 2930 359 3000; x_wconf 86' lang='lat' dir='ltr'><strong>imbecillitas,</strong></span> <span class='ocrx_word' id='word_1_363' title='bbox 384 2949 443 2989; x_wconf 90' lang='lat' dir='ltr'><strong>non</strong></span> <span class='ocrx_word' id='word_1_364' title='bbox 467 2931 588 3002; x_wconf 86' lang='lat' dir='ltr'><strong>crimen,</strong></span> <span class='ocrx_word' id='word_1_365' title='bbox 613 2937 739 3004; x_wconf 89' lang='lat' dir='ltr'><strong>revocat,</strong></span> <span class='ocrx_word' id='word_1_366' title='bbox 765 2935 855 2990; x_wconf 90' lang='lat' dir='ltr'><strong>alium</strong></span> <span class='ocrx_word' id='word_1_367' title='bbox 868 2932 910 2989; x_wconf 91' lang='lat' dir='ltr'><strong>illi</strong></span> <span class='ocrx_word' id='word_1_368' title='bbox 962 2933 1104 3009; x_wconf 90' lang='lat' dir='ltr'><strong>tringere.</strong></span> <span class='ocrx_word' id='word_1_369' title='bbox 1120 2934 1263 3008; x_wconf 88' lang='lat' dir='ltr'><strong>Equidem</strong></span> <span class='ocrx_word' id='word_1_370' title='bbox 1278 2951 1338 2992; x_wconf 89' lang='lat' dir='ltr'><strong>non</strong></span> <span class='ocrx_word' id='word_1_371' title='bbox 1354 2935 1770 3008; x_wconf 84' lang='lat' dir='ltr'><strong>molestelerodeplorareros</strong></span> <span class='ocrx_word' id='word_1_372' title='bbox 1823 2973 1828 2981; x_wconf 85' lang='lat'>·</span> 
     </span>
     <span class='ocr_line' id='line_1_30' title="bbox 100 3021 1770 3097; baseline 0.001 -20"><span class='ocrx_word' id='word_1_373' title='bbox 100 3021 265 3094; x_wconf 87' lang='lat' dir='ltr'><strong>subrogari,</strong></span> <span class='ocrx_word' id='word_1_374' title='bbox 281 3021 336 3082; x_wconf 91' lang='lat' dir='ltr'><strong>nisi</strong></span> <span class='ocrx_word' id='word_1_375' title='bbox 350 3022 411 3095; x_wconf 90' lang='lat' dir='ltr'><strong>ipse</strong></span> <span class='ocrx_word' id='word_1_376' title='bbox 438 3021 516 3096; x_wconf 91' lang='lat' dir='ltr'><strong>prius</strong></span> <span class='ocrx_word' id='word_1_377' title='bbox 543 3025 667 3092; x_wconf 84' lang='lat' dir='ltr'><strong>recuset,</strong></span> <span class='ocrx_word' id='word_1_378' title='bbox 684 3026 712 3079; x_wconf 90' lang='lat' dir='ltr'><strong>et</strong></span> <span class='ocrx_word' id='word_1_379' title='bbox 736 3022 908 3096; x_wconf 89' lang='lat' dir='ltr'><strong>petitionem</strong></span> <span class='ocrx_word' id='word_1_380' title='bbox 962 3022 1770 3097; x_wconf 87' lang='lat' dir='ltr'><strong>apudmedispendiavestra;sodferrenonpossumquod</strong></span> 
     </span>
     <span class='ocr_line' id='line_1_31' title="bbox 98 3095 1769 3205; baseline 0.001 -38"><span class='ocrx_word' id='word_1_381' title='bbox 98 3111 210 3183; x_wconf 89' lang='lat' dir='ltr'><strong>scripto</strong></span> <span class='ocrx_word' id='word_1_382' title='bbox 225 3110 338 3181; x_wconf 89' lang='lat' dir='ltr'><strong>probel,</strong></span> <span class='ocrx_word' id='word_1_383' title='bbox 354 3111 434 3166; x_wconf 89' lang='lat' dir='ltr'><strong>nulla</strong></span> <span class='ocrx_word' id='word_1_384' title='bbox 452 3110 526 3166; x_wconf 89' lang='lat' dir='ltr'><strong>ratio</strong></span> <span class='ocrx_word' id='word_1_385' title='bbox 542 3111 694 3182; x_wconf 89' lang='lat' dir='ltr'><strong>permittit.</strong></span> <span class='ocrx_word' id='word_1_386' title='bbox 703 3111 797 3168; x_wconf 89' lang='lat' dir='ltr'><strong>Etiam</strong></span> <span class='ocrx_word' id='word_1_387' title='bbox 809 3095 908 3168; x_wconf 89' lang='lat' dir='ltr'><strong>mente</strong></span> <span class='ocrx_word' id='word_1_388' title='bbox 922 3142 947 3205; x_wconf 72' lang='lat' dir='ltr'><strong>c</strong></span> <span class='ocrx_word' id='word_1_389' title='bbox 960 3113 1220 3186; x_wconf 88' lang='lat' dir='ltr'><strong>tanquaminjuria</strong></span> <span class='ocrx_word' id='word_1_390' title='bbox 1231 3112 1336 3183; x_wconf 81' lang='lat' dir='ltr'><strong>affecti,</strong></span> <span class='ocrx_word' id='word_1_391' title='bbox 1352 3129 1468 3170; x_wconf 90' lang='lat' dir='ltr'><strong>mecum</strong></span> <span class='ocrx_word' id='word_1_392' title='bbox 1482 3115 1664 3186; x_wconf 86' lang='lat' dir='ltr'><strong>expostulare</strong></span> <span class='ocrx_word' id='word_1_393' title='bbox 1675 3111 1769 3169; x_wconf 89' lang='lat' dir='ltr'><strong>vultis.</strong></span> 
     </span>
     <span class='ocr_line' id='line_1_32' title="bbox 98 3198 1772 3276; baseline 0 -20"><span class='ocrx_word' id='word_1_394' title='bbox 98 3204 200 3274; x_wconf 87' lang='lat' dir='ltr'><strong>capto,</strong></span> <span class='ocrx_word' id='word_1_395' title='bbox 216 3199 238 3254; x_wconf 90' lang='lat' dir='ltr'><strong>si</strong></span> <span class='ocrx_word' id='word_1_396' title='bbox 251 3198 392 3270; x_wconf 80' lang='lat' dir='ltr'><strong>aegritudo</strong></span> <span class='ocrx_word' id='word_1_397' title='bbox 412 3216 493 3256; x_wconf 89' lang='lat' dir='ltr'><strong>suam</strong></span> <span class='ocrx_word' id='word_1_398' title='bbox 519 3199 626 3256; x_wconf 87' lang='lat' dir='ltr'><strong>habeat</strong></span> <span class='ocrx_word' id='word_1_399' title='bbox 645 3218 697 3275; x_wconf 89' lang='lat' dir='ltr'><strong>per</strong></span> <span class='ocrx_word' id='word_1_400' title='bbox 723 3201 908 3257; x_wconf 87' lang='lat' dir='ltr'><strong>intervallum</strong></span> <span class='ocrx_word' id='word_1_401' title='bbox 959 3201 1772 3276; x_wconf 82' lang='lat' dir='ltr'><strong>Nonegorosadultorinoshaberivolo,etqnodeacansa</strong></span> 
     </span>
     <span class='ocr_line' id='line_1_33' title="bbox 98 3287 1769 3364; baseline 0.001 -20"><span class='ocrx_word' id='word_1_402' title='bbox 98 3287 312 3357; x_wconf 88' lang='lat' dir='ltr'><strong>remissionem,</strong></span> <span class='ocrx_word' id='word_1_403' title='bbox 338 3305 397 3344; x_wconf 93' lang='lat' dir='ltr'><strong>non</strong></span> <span class='ocrx_word' id='word_1_404' title='bbox 413 3289 500 3346; x_wconf 89' lang='lat' dir='ltr'><strong>debet</strong></span> <span class='ocrx_word' id='word_1_405' title='bbox 522 3291 593 3346; x_wconf 88' lang='lat' dir='ltr'><strong>alius</strong></span> <span class='ocrx_word' id='word_1_406' title='bbox 617 3290 761 3353; x_wconf 84' lang='lat' dir='ltr'><strong>substitui.</strong></span> <span class='ocrx_word' id='word_1_407' title='bbox 777 3290 832 3346; x_wconf 91' lang='lat' dir='ltr'><strong>nisi</strong></span> <span class='ocrx_word' id='word_1_408' title='bbox 847 3291 907 3364; x_wconf 92' lang='lat' dir='ltr'><strong>ipse</strong></span> <span class='ocrx_word' id='word_1_409' title='bbox 960 3290 1407 3349; x_wconf 80' lang='lat' dir='ltr'><strong>discesserimavobisrncctem</strong></span> <span class='ocrx_word' id='word_1_410' title='bbox 1416 3289 1769 3348; x_wconf 87' lang='lat' dir='ltr'><strong>malesentiodevobisut</strong></span> 
     </span>
     <span class='ocr_line' id='line_1_34' title="bbox 99 3377 1773 3454; baseline 0.001 -20"><span class='ocrx_word' id='word_1_411' title='bbox 99 3380 224 3434; x_wconf 88' lang='lat' dir='ltr'><strong>annuat.</strong></span> <span class='ocrx_word' id='word_1_412' title='bbox 237 3377 318 3442; x_wconf 78' lang='lat' dir='ltr'><strong>Quod</strong></span> <span class='ocrx_word' id='word_1_413' title='bbox 331 3377 354 3433; x_wconf 92' lang='lat' dir='ltr'><strong>si</strong></span> <span class='ocrx_word' id='word_1_414' title='bbox 369 3379 562 3452; x_wconf 88' lang='lat' dir='ltr'><strong>uunquamllt</strong></span> <span class='ocrx_word' id='word_1_415' title='bbox 577 3381 684 3437; x_wconf 90' lang='lat' dir='ltr'><strong>mentis</strong></span> <span class='ocrx_word' id='word_1_416' title='bbox 699 3397 830 3454; x_wconf 86' lang='lat' dir='ltr'><strong>compos,</strong></span> <span class='ocrx_word' id='word_1_417' title='bbox 841 3397 907 3453; x_wconf 85' lang='lat' dir='ltr'><strong>per·</strong></span> <span class='ocrx_word' id='word_1_418' title='bbox 960 3379 1123 3437; x_wconf 86' lang='lat' dir='ltr'><strong>existimem</strong></span> <span class='ocrx_word' id='word_1_419' title='bbox 1135 3398 1183 3437; x_wconf 88' lang='lat' dir='ltr'><strong>me</strong></span> <span class='ocrx_word' id='word_1_420' title='bbox 1193 3380 1308 3437; x_wconf 90' lang='lat' dir='ltr'><strong>nullum</strong></span> <span class='ocrx_word' id='word_1_421' title='bbox 1317 3380 1443 3436; x_wconf 88' lang='lat' dir='ltr'><strong>tructam</strong></span> <span class='ocrx_word' id='word_1_422' title='bbox 1459 3396 1543 3453; x_wconf 92' lang='lat' dir='ltr'><strong>posse</strong></span> <span class='ocrx_word' id='word_1_423' title='bbox 1553 3379 1631 3453; x_wconf 91' lang='lat' dir='ltr'><strong>apud</strong></span> <span class='ocrx_word' id='word_1_424' title='bbox 1643 3396 1693 3436; x_wconf 92' lang='lat' dir='ltr'><strong>vos</strong></span> <span class='ocrx_word' id='word_1_425' title='bbox 1706 3395 1773 3453; x_wconf 92' lang='lat' dir='ltr'><strong>pro·</strong></span> 
     </span>
     <span class='ocr_line' id='line_1_35' title="bbox 98 3465 1773 3543; baseline 0.001 -21"><span class='ocrx_word' id='word_1_426' title='bbox 98 3483 174 3522; x_wconf 89' lang='lat' dir='ltr'><strong>sona</strong></span> <span class='ocrx_word' id='word_1_427' title='bbox 184 3465 278 3522; x_wconf 83' lang='lat' dir='ltr'><strong>tidelis</strong></span> <span class='ocrx_word' id='word_1_428' title='bbox 290 3484 322 3522; x_wconf 90' lang='lat' dir='ltr'><strong>ac</strong></span> <span class='ocrx_word' id='word_1_429' title='bbox 334 3467 463 3539; x_wconf 88' lang='lat' dir='ltr'><strong>probatae</strong></span> <span class='ocrx_word' id='word_1_430' title='bbox 479 3469 543 3525; x_wconf 86' lang='lat' dir='ltr'><strong>vitae</strong></span> <span class='ocrx_word' id='word_1_431' title='bbox 559 3469 694 3542; x_wconf 88' lang='lat' dir='ltr'><strong>eligenda</strong></span> <span class='ocrx_word' id='word_1_432' title='bbox 708 3472 762 3537; x_wconf 90' lang='lat' dir='ltr'><strong>est,</strong></span> <span class='ocrx_word' id='word_1_433' title='bbox 780 3485 844 3542; x_wconf 76' lang='lat' dir='ltr'><strong>qua</strong></span> <span class='ocrx_word' id='word_1_434' title='bbox 855 3469 908 3525; x_wconf 90' lang='lat' dir='ltr'><strong>du·</strong></span> <span class='ocrx_word' id='word_1_435' title='bbox 960 3469 1036 3526; x_wconf 87' lang='lat' dir='ltr'><strong>lerre</strong></span> <span class='ocrx_word' id='word_1_436' title='bbox 1047 3473 1135 3543; x_wconf 89' lang='lat' dir='ltr'><strong>atque</strong></span> <span class='ocrx_word' id='word_1_437' title='bbox 1145 3468 1253 3527; x_wconf 91' lang='lat' dir='ltr'><strong>idcirco</strong></span> <span class='ocrx_word' id='word_1_438' title='bbox 1271 3467 1327 3526; x_wconf 89' lang='lat' dir='ltr'><strong>alio</strong></span> <span class='ocrx_word' id='word_1_439' title='bbox 1339 3484 1387 3525; x_wconf 92' lang='lat' dir='ltr'><strong>me</strong></span> <span class='ocrx_word' id='word_1_440' title='bbox 1400 3467 1650 3537; x_wconf 83' lang='lat' dir='ltr'><strong>transferam‚&#39;ubi</strong></span> <span class='ocrx_word' id='word_1_441' title='bbox 1663 3468 1773 3524; x_wconf 82' lang='lat' dir='ltr'><strong>fructus</strong></span> 
     </span>
     <span class='ocr_line' id='line_1_36' title="bbox 98 3553 1774 3632; baseline 0.001 -20"><span class='ocrx_word' id='word_1_442' title='bbox 98 3554 182 3612; x_wconf 88' lang='lat' dir='ltr'><strong>mille</strong></span> <span class='ocrx_word' id='word_1_443' title='bbox 198 3553 307 3611; x_wconf 82' lang='lat' dir='ltr'><strong>vixerit</strong></span> <span class='ocrx_word' id='word_1_444' title='bbox 323 3555 398 3612; x_wconf 78' lang='lat' dir='ltr'><strong>vices</strong></span> <span class='ocrx_word' id='word_1_445' title='bbox 414 3557 476 3630; x_wconf 90' lang='lat' dir='ltr'><strong>ejus</strong></span> <span class='ocrx_word' id='word_1_446' title='bbox 490 3557 622 3631; x_wconf 89' lang='lat' dir='ltr'><strong>impleat,</strong></span> <span class='ocrx_word' id='word_1_447' title='bbox 638 3561 668 3614; x_wconf 88' lang='lat' dir='ltr'><strong>et</strong></span> <span class='ocrx_word' id='word_1_448' title='bbox 682 3557 818 3614; x_wconf 80' lang='lat' dir='ltr'><strong>defuncto</strong></span> <span class='ocrx_word' id='word_1_449' title='bbox 842 3558 907 3616; x_wconf 90' lang='lat' dir='ltr'><strong>tan·</strong></span> <span class='ocrx_word' id='word_1_450' title='bbox 960 3559 1055 3632; x_wconf 83' lang='lat' dir='ltr'><strong>major</strong></span> <span class='ocrx_word' id='word_1_451' title='bbox 1065 3575 1130 3632; x_wconf 89' lang='lat' dir='ltr'><strong>spes</strong></span> <span class='ocrx_word' id='word_1_452' title='bbox 1141 3557 1288 3631; x_wconf 84' lang='lat' dir='ltr'><strong>affulgeat.</strong></span> <span class='ocrx_word' id='word_1_453' title='bbox 1296 3557 1353 3616; x_wconf 87' lang='lat' dir='ltr'><strong>Sed</strong></span> <span class='ocrx_word' id='word_1_454' title='bbox 1364 3556 1535 3632; x_wconf 89' lang='lat' dir='ltr'><strong>nequemihi</strong></span> <span class='ocrx_word' id='word_1_455' title='bbox 1549 3557 1593 3613; x_wconf 93' lang='lat' dir='ltr'><strong>idt</strong></span> <span class='ocrx_word' id='word_1_456' title='bbox 1601 3557 1697 3628; x_wconf 88' lang='lat' dir='ltr'><strong>ribuo;</strong></span> <span class='ocrx_word' id='word_1_457' title='bbox 1709 3573 1774 3630; x_wconf 87' lang='lat' dir='ltr'><strong>per·</strong></span> 
     </span>
     <span class='ocr_line' id='line_1_37' title="bbox 97 3643 1773 3720; baseline 0.001 -20"><span class='ocrx_word' id='word_1_458' title='bbox 97 3643 170 3700; x_wconf 90' lang='lat' dir='ltr'><strong>dem</strong></span> <span class='ocrx_word' id='word_1_459' title='bbox 185 3643 330 3702; x_wconf 87' lang='lat' dir='ltr'><strong>succedat.</strong></span> <span class='ocrx_word' id='word_1_460' title='bbox 346 3645 432 3702; x_wconf 90' lang='lat' dir='ltr'><strong>Hanc</strong></span> <span class='ocrx_word' id='word_1_461' title='bbox 454 3647 573 3702; x_wconf 88' lang='lat' dir='ltr'><strong>Patrum</strong></span> <span class='ocrx_word' id='word_1_462' title='bbox 588 3646 665 3702; x_wconf 90' lang='lat' dir='ltr'><strong>viam</strong></span> <span class='ocrx_word' id='word_1_463' title='bbox 683 3645 707 3702; x_wconf 91' lang='lat' dir='ltr'><strong>si</strong></span> <span class='ocrx_word' id='word_1_464' title='bbox 722 3647 785 3720; x_wconf 90' lang='lat' dir='ltr'><strong>quis</strong></span> <span class='ocrx_word' id='word_1_465' title='bbox 806 3649 909 3704; x_wconf 90' lang='lat' dir='ltr'><strong>tenere</strong></span> <span class='ocrx_word' id='word_1_466' title='bbox 959 3645 1068 3702; x_wconf 82' lang='lat' dir='ltr'><strong>lectum</strong></span> <span class='ocrx_word' id='word_1_467' title='bbox 1076 3643 1773 3718; x_wconf 85' lang='lat' dir='ltr'><strong>meessetantumabest,ntperlectissimusride·</strong></span> 
     </span>
     <span class='ocr_line' id='line_1_38' title="bbox 96 3731 1774 3809; baseline 0.001 -21"><span class='ocrx_word' id='word_1_468' title='bbox 96 3731 187 3801; x_wconf 89' lang='lat' dir='ltr'><strong>nolit,</strong></span> <span class='ocrx_word' id='word_1_469' title='bbox 201 3732 227 3786; x_wconf 93' lang='lat' dir='ltr'><strong>is</strong></span> <span class='ocrx_word' id='word_1_470' title='bbox 240 3734 269 3787; x_wconf 90' lang='lat' dir='ltr'><strong>et</strong></span> <span class='ocrx_word' id='word_1_471' title='bbox 281 3749 400 3789; x_wconf 87' lang='lat' dir='ltr'><strong>uxorem</strong></span> <span class='ocrx_word' id='word_1_472' title='bbox 414 3732 562 3791; x_wconf 87' lang='lat' dir='ltr'><strong>dimissam</strong></span> <span class='ocrx_word' id='word_1_473' title='bbox 582 3734 723 3791; x_wconf 75' lang='lat' dir='ltr'><strong>moechari</strong></span> <span class='ocrx_word' id='word_1_474' title='bbox 735 3734 816 3805; x_wconf 86' lang='lat' dir='ltr'><strong>iacit,</strong></span> <span class='ocrx_word' id='word_1_475' title='bbox 835 3737 864 3791; x_wconf 91' lang='lat' dir='ltr'><strong>et</strong></span> <span class='ocrx_word' id='word_1_476' title='bbox 881 3736 908 3792; x_wconf 89' lang='lat' dir='ltr'><strong>ei</strong></span> <span class='ocrx_word' id='word_1_477' title='bbox 960 3735 985 3792; x_wconf 91' lang='lat' dir='ltr'><strong>ri</strong></span> <span class='ocrx_word' id='word_1_478' title='bbox 992 3735 1089 3791; x_wconf 86' lang='lat' dir='ltr'><strong>velim.</strong></span> <span class='ocrx_word' id='word_1_479' title='bbox 1099 3736 1157 3792; x_wconf 90' lang='lat' dir='ltr'><strong>Nec</strong></span> <span class='ocrx_word' id='word_1_480' title='bbox 1171 3734 1356 3807; x_wconf 87' lang='lat' dir='ltr'><strong>meojudicio</strong></span> <span class='ocrx_word' id='word_1_481' title='bbox 1370 3735 1566 3809; x_wconf 87' lang='lat' dir='ltr'><strong>perlectorum</strong></span> <span class='ocrx_word' id='word_1_482' title='bbox 1581 3739 1634 3805; x_wconf 88' lang='lat' dir='ltr'><strong>est,</strong></span> <span class='ocrx_word' id='word_1_483' title='bbox 1644 3751 1662 3791; x_wconf 89' lang='lat' dir='ltr'><strong>a</strong></span> <span class='ocrx_word' id='word_1_484' title='bbox 1674 3734 1774 3806; x_wconf 87' lang='lat' dir='ltr'><strong>coeplis</strong></span> 
     </span>
     <span class='ocr_line' id='line_1_39' title="bbox 96 3819 1773 3896; baseline 0.001 -20"><span class='ocrx_word' id='word_1_485' title='bbox 96 3821 150 3896; x_wconf 92' lang='lat' dir='ltr'><strong>qui</strong></span> <span class='ocrx_word' id='word_1_486' title='bbox 162 3821 204 3878; x_wconf 89' lang='lat' dir='ltr'><strong>sio</strong></span> <span class='ocrx_word' id='word_1_487' title='bbox 220 3822 368 3879; x_wconf 90' lang='lat' dir='ltr'><strong>dimissam</strong></span> <span class='ocrx_word' id='word_1_488' title='bbox 380 3823 504 3887; x_wconf 82' lang='lat' dir='ltr'><strong>duxerit,</strong></span> <span class='ocrx_word' id='word_1_489' title='bbox 519 3823 656 3881; x_wconf 90' lang='lat' dir='ltr'><strong>adulterii</strong></span> <span class='ocrx_word' id='word_1_490' title='bbox 678 3827 780 3880; x_wconf 85' lang='lat' dir='ltr'><strong>notam</strong></span> <span class='ocrx_word' id='word_1_491' title='bbox 800 3824 907 3885; x_wconf 89' lang='lat' dir='ltr'><strong>inuret.</strong></span> <span class='ocrx_word' id='word_1_492' title='bbox 960 3841 1020 3880; x_wconf 90' lang='lat' dir='ltr'><strong>non</strong></span> <span class='ocrx_word' id='word_1_493' title='bbox 1032 3823 1258 3894; x_wconf 89' lang='lat' dir='ltr'><strong>discedere,else</strong></span> <span class='ocrx_word' id='word_1_494' title='bbox 1269 3823 1427 3880; x_wconf 86' lang='lat' dir='ltr'><strong>extendero</strong></span> <span class='ocrx_word' id='word_1_495' title='bbox 1436 3821 1466 3879; x_wconf 90' lang='lat' dir='ltr'><strong>in</strong></span> <span class='ocrx_word' id='word_1_496' title='bbox 1478 3823 1635 3892; x_wconf 88' lang='lat' dir='ltr'><strong>anteriora;</strong></span> <span class='ocrx_word' id='word_1_497' title='bbox 1647 3819 1773 3880; x_wconf 80' lang='lat' dir='ltr'><strong>actuosae</strong></span> 
     </span>
     <span class='ocr_line' id='line_1_40' title="bbox 94 3911 1772 3986; baseline 0.001 -20"><span class='ocrx_word' id='word_1_498' title='bbox 94 3911 372 3984; x_wconf 79' lang='lat' dir='ltr'><strong>liacigiturratione</strong></span> <span class='ocrx_word' id='word_1_499' title='bbox 384 3913 458 3980; x_wconf 84' lang='lat' dir='ltr'><strong>vide,</strong></span> <span class='ocrx_word' id='word_1_500' title='bbox 470 3914 556 3969; x_wconf 89' lang='lat' dir='ltr'><strong>Pater</strong></span> <span class='ocrx_word' id='word_1_501' title='bbox 565 3911 754 3982; x_wconf 87' lang='lat' dir='ltr'><strong>sanctissime,</strong></span> <span class='ocrx_word' id='word_1_502' title='bbox 766 3915 908 3986; x_wconf 90' lang='lat' dir='ltr'><strong>quantum</strong></span> <span class='ocrx_word' id='word_1_503' title='bbox 960 3913 1025 3968; x_wconf 82' lang='lat' dir='ltr'><strong>vitre</strong></span> <span class='ocrx_word' id='word_1_504' title='bbox 1035 3928 1102 3968; x_wconf 90' lang='lat' dir='ltr'><strong>cum</strong></span> <span class='ocrx_word' id='word_1_505' title='bbox 1116 3911 1227 3968; x_wconf 88' lang='lat' dir='ltr'><strong>ldartha</strong></span> <span class='ocrx_word' id='word_1_506' title='bbox 1235 3911 1380 3980; x_wconf 86' lang='lat' dir='ltr'><strong>insistere,</strong></span> <span class='ocrx_word' id='word_1_507' title='bbox 1390 3911 1427 3968; x_wconf 92' lang='lat' dir='ltr'><strong>ad</strong></span> <span class='ocrx_word' id='word_1_508' title='bbox 1438 3912 1696 3984; x_wconf 78' lang='lat' dir='ltr'><strong>contemplativam</strong></span> <span class='ocrx_word' id='word_1_509' title='bbox 1704 3927 1772 3968; x_wconf 86' lang='lat' dir='ltr'><strong>vero</strong></span> 
     </span>
     <span class='ocr_line' id='line_1_41' title="bbox 93 3998 1774 4076; baseline -0.001 -21"><span class='ocrx_word' id='word_1_510' title='bbox 93 4004 239 4072; x_wconf 85' lang='lat' dir='ltr'><strong>gravetur</strong></span> <span class='ocrx_word' id='word_1_511' title='bbox 244 3999 387 4073; x_wconf 82' lang='lat' dir='ltr'><strong>judicium</strong></span> <span class='ocrx_word' id='word_1_512' title='bbox 398 4001 604 4076; x_wconf 87' lang='lat' dir='ltr'><strong>tuom,quidvs</strong></span> <span class='ocrx_word' id='word_1_513' title='bbox 618 4004 719 4058; x_wconf 91' lang='lat' dir='ltr'><strong>nostra</strong></span> <span class='ocrx_word' id='word_1_514' title='bbox 736 4002 817 4058; x_wconf 88' lang='lat' dir='ltr'><strong>lama</strong></span> <span class='ocrx_word' id='word_1_515' title='bbox 834 4002 907 4059; x_wconf 90' lang='lat' dir='ltr'><strong>acci·</strong></span> <span class='ocrx_word' id='word_1_516' title='bbox 961 4017 1028 4056; x_wconf 90' lang='lat' dir='ltr'><strong>com</strong></span> <span class='ocrx_word' id='word_1_517' title='bbox 1041 4000 1130 4058; x_wconf 80' lang='lat' dir='ltr'><strong>llario</strong></span> <span class='ocrx_word' id='word_1_518' title='bbox 1146 4000 1293 4057; x_wconf 82' lang='lat' dir='ltr'><strong>ferventer</strong></span> <span class='ocrx_word' id='word_1_519' title='bbox 1302 4016 1362 4056; x_wconf 90' lang='lat' dir='ltr'><strong>non</strong></span> <span class='ocrx_word' id='word_1_520' title='bbox 1375 3999 1527 4074; x_wconf 89' lang='lat' dir='ltr'><strong>aspirare;</strong></span> <span class='ocrx_word' id='word_1_521' title='bbox 1544 3999 1607 4057; x_wconf 89' lang='lat' dir='ltr'><strong>etsi</strong></span> <span class='ocrx_word' id='word_1_522' title='bbox 1623 4017 1653 4057; x_wconf 88' lang='lat' dir='ltr'><strong>se</strong></span> <span class='ocrx_word' id='word_1_523' title='bbox 1669 3998 1774 4057; x_wconf 80' lang='lat' dir='ltr'><strong>offerat</strong></span> 
     </span>
     <span class='ocr_line' id='line_1_42' title="bbox 91 4089 1772 4163; baseline 0 -19"><span class='ocrx_word' id='word_1_524' title='bbox 91 4089 160 4162; x_wconf 89' lang='lat' dir='ltr'><strong>piat</strong></span> <span class='ocrx_word' id='word_1_525' title='bbox 171 4089 352 4148; x_wconf 90' lang='lat' dir='ltr'><strong>detrimenti.</strong></span> <span class='ocrx_word' id='word_1_526' title='bbox 365 4089 483 4148; x_wconf 88' lang='lat' dir='ltr'><strong>Crimen</strong></span> <span class='ocrx_word' id='word_1_527' title='bbox 493 4091 544 4147; x_wconf 92' lang='lat' dir='ltr'><strong>tibi</strong></span> <span class='ocrx_word' id='word_1_528' title='bbox 554 4090 850 4162; x_wconf 84' lang='lat' dir='ltr'><strong>nullumintenditur,</strong></span> <span class='ocrx_word' id='word_1_529' title='bbox 871 4093 909 4149; x_wconf 94' lang='lat' dir='ltr'><strong>ob</strong></span> <span class='ocrx_word' id='word_1_530' title='bbox 961 4090 1087 4160; x_wconf 90' lang='lat' dir='ltr'><strong>occasio,</strong></span> <span class='ocrx_word' id='word_1_531' title='bbox 1117 4094 1242 4147; x_wconf 75' lang='lat' dir='ltr'><strong>actuosae</strong></span> <span class='ocrx_word' id='word_1_532' title='bbox 1261 4089 1327 4154; x_wconf 72' lang='lat' dir='ltr'><strong>vitre</strong></span> <span class='ocrx_word' id='word_1_533' title='bbox 1356 4090 1451 4163; x_wconf 88' lang='lat' dir='ltr'><strong>potius</strong></span> <span class='ocrx_word' id='word_1_534' title='bbox 1476 4089 1655 4158; x_wconf 88' lang='lat' dir='ltr'><strong>renuntiare,</strong></span> <span class='ocrx_word' id='word_1_535' title='bbox 1682 4105 1772 4163; x_wconf 88' lang='lat' dir='ltr'><strong>qnam</strong></span> 
     </span>
     <span class='ocr_line' id='line_1_43' title="bbox 92 4177 1772 4254; baseline 0.001 -20"><span class='ocrx_word' id='word_1_536' title='bbox 92 4179 179 4252; x_wconf 88' lang='lat' dir='ltr'><strong>quod</strong></span> <span class='ocrx_word' id='word_1_537' title='bbox 190 4178 365 4236; x_wconf 89' lang='lat' dir='ltr'><strong>siconvictus</strong></span> <span class='ocrx_word' id='word_1_538' title='bbox 373 4179 409 4235; x_wconf 91' lang='lat' dir='ltr'><strong>sis</strong></span> <span class='ocrx_word' id='word_1_539' title='bbox 418 4179 584 4252; x_wconf 89' lang='lat' dir='ltr'><strong>deponaris.</strong></span> <span class='ocrx_word' id='word_1_540' title='bbox 605 4179 756 4238; x_wconf 81' lang='lat' dir='ltr'><strong>llorbuste</strong></span> <span class='ocrx_word' id='word_1_541' title='bbox 777 4198 836 4238; x_wconf 89' lang='lat' dir='ltr'><strong>non</strong></span> <span class='ocrx_word' id='word_1_542' title='bbox 848 4197 910 4254; x_wconf 91' lang='lat' dir='ltr'><strong>pre·</strong></span> <span class='ocrx_word' id='word_1_543' title='bbox 961 4180 1206 4253; x_wconf 86' lang='lat' dir='ltr'><strong>contemplationi</strong></span> <span class='ocrx_word' id='word_1_544' title='bbox 1230 4196 1291 4237; x_wconf 91' lang='lat' dir='ltr'><strong>non</strong></span> <span class='ocrx_word' id='word_1_545' title='bbox 1310 4177 1691 4253; x_wconf 88' lang='lat' dir='ltr'><strong>cupidissimeincnmbere.</strong></span> <span class='ocrx_word' id='word_1_546' title='bbox 1714 4179 1772 4235; x_wconf 88' lang='lat' dir='ltr'><strong>llo·</strong></span> 
     </span>
     <span class='ocr_line' id='line_1_44' title="bbox 89 4266 1773 4342; baseline 0.001 -20"><span class='ocrx_word' id='word_1_547' title='bbox 89 4267 163 4335; x_wconf 88' lang='lat' dir='ltr'><strong>mit,</strong></span> <span class='ocrx_word' id='word_1_548' title='bbox 175 4268 258 4339; x_wconf 87' lang='lat' dir='ltr'><strong>cujus</strong></span> <span class='ocrx_word' id='word_1_549' title='bbox 272 4272 507 4342; x_wconf 89' lang='lat' dir='ltr'><strong>causalanquam</strong></span> <span class='ocrx_word' id='word_1_550' title='bbox 519 4269 675 4341; x_wconf 88' lang='lat' dir='ltr'><strong>repudium</strong></span> <span class='ocrx_word' id='word_1_551' title='bbox 688 4271 908 4328; x_wconf 83' lang='lat' dir='ltr'><strong>exbibensaluo</strong></span> <span class='ocrx_word' id='word_1_552' title='bbox 962 4267 1044 4326; x_wconf 90' lang='lat' dir='ltr'><strong>mino</strong></span> <span class='ocrx_word' id='word_1_553' title='bbox 1059 4286 1108 4325; x_wconf 92' lang='lat' dir='ltr'><strong>me</strong></span> <span class='ocrx_word' id='word_1_554' title='bbox 1122 4268 1278 4342; x_wconf 86' lang='lat' dir='ltr'><strong>adjuvante</strong></span> <span class='ocrx_word' id='word_1_555' title='bbox 1293 4285 1343 4326; x_wconf 87' lang='lat' dir='ltr'><strong>vos</strong></span> <span class='ocrx_word' id='word_1_556' title='bbox 1362 4267 1435 4325; x_wconf 91' lang='lat' dir='ltr'><strong>mibi</strong></span> <span class='ocrx_word' id='word_1_557' title='bbox 1450 4267 1630 4337; x_wconf 90' lang='lat' dir='ltr'><strong>commissos,</strong></span> <span class='ocrx_word' id='word_1_558' title='bbox 1649 4266 1773 4341; x_wconf 86' lang='lat' dir='ltr'><strong>ntpotui</strong></span> 
     </span>
     <span class='ocr_line' id='line_1_45' title="bbox 88 4356 1772 4432; baseline -0.001 -20"><span class='ocrx_word' id='word_1_559' title='bbox 88 4356 263 4413; x_wconf 87' lang='lat' dir='ltr'><strong>ministerio</strong></span> <span class='ocrx_word' id='word_1_560' title='bbox 277 4357 471 4431; x_wconf 89' lang='lat' dir='ltr'><strong>suspendaris.</strong></span> <span class='ocrx_word' id='word_1_561' title='bbox 493 4359 592 4432; x_wconf 90' lang='lat' dir='ltr'><strong>ltaque</strong></span> <span class='ocrx_word' id='word_1_562' title='bbox 616 4358 789 4431; x_wconf 90' lang='lat' dir='ltr'><strong>petitionem</strong></span> <span class='ocrx_word' id='word_1_563' title='bbox 815 4363 908 4430; x_wconf 88' lang='lat' dir='ltr'><strong>tuam,</strong></span> <span class='ocrx_word' id='word_1_564' title='bbox 962 4357 1135 4431; x_wconf 83' lang='lat' dir='ltr'><strong>gubernari,</strong></span> <span class='ocrx_word' id='word_1_565' title='bbox 1151 4359 1182 4413; x_wconf 93' lang='lat' dir='ltr'><strong>ut</strong></span> <span class='ocrx_word' id='word_1_566' title='bbox 1198 4357 1282 4414; x_wconf 90' lang='lat' dir='ltr'><strong>labor</strong></span> <span class='ocrx_word' id='word_1_567' title='bbox 1297 4373 1381 4414; x_wconf 89' lang='lat' dir='ltr'><strong>meus</strong></span> <span class='ocrx_word' id='word_1_568' title='bbox 1403 4357 1485 4420; x_wconf 86' lang='lat' dir='ltr'><strong>¹vobis</strong></span> <span class='ocrx_word' id='word_1_569' title='bbox 1499 4357 1663 4414; x_wconf 80' lang='lat' dir='ltr'><strong>fructuosus</strong></span> <span class='ocrx_word' id='word_1_570' title='bbox 1685 4358 1772 4425; x_wconf 89' lang='lat' dir='ltr'><strong>esset,</strong></span> 
     </span>
     <span class='ocr_line' id='line_1_46' title="bbox 89 4422 1772 4522; baseline 0 -22"><span class='ocrx_word' id='word_1_571' title='bbox 89 4461 156 4520; x_wconf 88' lang='lat' dir='ltr'><strong>qua</strong></span> <span class='ocrx_word' id='word_1_572' title='bbox 188 4443 269 4518; x_wconf 90' lang='lat' dir='ltr'><strong>cupis</strong></span> <span class='ocrx_word' id='word_1_573' title='bbox 292 4445 345 4502; x_wconf 92' lang='lat' dir='ltr'><strong>tibi</strong></span> <span class='ocrx_word' id='word_1_574' title='bbox 373 4446 553 4502; x_wconf 89' lang='lat' dir='ltr'><strong>lonclionem</strong></span> <span class='ocrx_word' id='word_1_575' title='bbox 581 4447 656 4502; x_wconf 90' lang='lat' dir='ltr'><strong>hanc</strong></span> <span class='ocrx_word' id='word_1_576' title='bbox 680 4447 826 4522; x_wconf 80' lang='lat' dir='ltr'><strong>abrogari,</strong></span> <span class='ocrx_word' id='word_1_577' title='bbox 844 4422 949 4504; x_wconf 79' lang='lat' dir='ltr'><strong>licstD</strong></span> <span class='ocrx_word' id='word_1_578' title='bbox 963 4443 1772 4520; x_wconf 81' lang='lat' dir='ltr'><strong>magnainstantiarogavi.llecmeteedioalllciuntstu-</strong></span> 
     </span>
     <span class='ocr_line' id='line_1_47' title="bbox 86 4533 1771 4611; baseline 0 -21"><span class='ocrx_word' id='word_1_579' title='bbox 86 4535 207 4607; x_wconf 89' lang='lat' dir='ltr'><strong>scripto</strong></span> <span class='ocrx_word' id='word_1_580' title='bbox 219 4534 384 4604; x_wconf 82' lang='lat' dir='ltr'><strong>confirmes,</strong></span> <span class='ocrx_word' id='word_1_581' title='bbox 398 4534 544 4607; x_wconf 89' lang='lat' dir='ltr'><strong>rejicimus</strong></span> <span class='ocrx_word' id='word_1_582' title='bbox 556 4554 563 4594; x_wconf 73' lang='grc' dir='ltr'>ε</span> <span class='ocrx_word' id='word_1_583' title='bbox 576 4537 677 4604; x_wconf 86' lang='lat' dir='ltr'><strong>alium,</strong></span> <span class='ocrx_word' id='word_1_584' title='bbox 694 4537 744 4610; x_wconf 90' lang='lat' dir='ltr'><strong>qui</strong></span> <span class='ocrx_word' id='word_1_585' title='bbox 758 4539 910 4611; x_wconf 87' lang='lat' dir='ltr'><strong>tuasgerat</strong></span> <span class='ocrx_word' id='word_1_586' title='bbox 963 4535 1012 4592; x_wconf 90' lang='lat' dir='ltr'><strong>dia</strong></span> <span class='ocrx_word' id='word_1_587' title='bbox 1034 4537 1139 4605; x_wconf 82' lang='lat' dir='ltr'><strong>vostra,</strong></span> <span class='ocrx_word' id='word_1_588' title='bbox 1166 4551 1219 4591; x_wconf 90' lang='lat' dir='ltr'><strong>nec</strong></span> <span class='ocrx_word' id='word_1_589' title='bbox 1239 4533 1361 4591; x_wconf 82' lang='lat' dir='ltr'><strong>offendit</strong></span> <span class='ocrx_word' id='word_1_590' title='bbox 1389 4534 1525 4608; x_wconf 85' lang='lat' dir='ltr'><strong>pravitas,</strong></span> <span class='ocrx_word' id='word_1_591' title='bbox 1543 4551 1608 4608; x_wconf 85' lang='lat' dir='ltr'><strong>quae</strong></span> <span class='ocrx_word' id='word_1_592' title='bbox 1623 4534 1704 4591; x_wconf 89' lang='lat' dir='ltr'><strong>nulla</strong></span> <span class='ocrx_word' id='word_1_593' title='bbox 1718 4535 1771 4603; x_wconf 90' lang='lat' dir='ltr'><strong>est,</strong></span> 
     </span>
     <span class='ocr_line' id='line_1_48' title="bbox 84 4623 1771 4702; baseline 0.002 -25"><span class='ocrx_word' id='word_1_594' title='bbox 84 4623 184 4692; x_wconf 75' lang='lat' dir='ltr'><strong>sices,</strong></span> <span class='ocrx_word' id='word_1_595' title='bbox 200 4639 319 4696; x_wconf 89' lang='lat' dir='ltr'><strong>prorsus</strong></span> <span class='ocrx_word' id='word_1_596' title='bbox 338 4640 397 4681; x_wconf 87' lang='lat' dir='ltr'><strong>uon</strong></span> <span class='ocrx_word' id='word_1_597' title='bbox 420 4623 620 4696; x_wconf 90' lang='lat' dir='ltr'><strong>admittimus;</strong></span> <span class='ocrx_word' id='word_1_598' title='bbox 644 4629 759 4682; x_wconf 82' lang='lat' dir='ltr'><strong>tantum</strong></span> <span class='ocrx_word' id='word_1_599' title='bbox 780 4627 862 4684; x_wconf 89' lang='lat' dir='ltr'><strong>abest</strong></span> <span class='ocrx_word' id='word_1_600' title='bbox 880 4631 912 4685; x_wconf 88' lang='lat' dir='ltr'><strong>ut</strong></span> <span class='ocrx_word' id='word_1_601' title='bbox 963 4624 1110 4681; x_wconf 90' lang='lat' dir='ltr'><strong>actionum</strong></span> <span class='ocrx_word' id='word_1_602' title='bbox 1126 4626 1304 4702; x_wconf 72' lang='lat' dir='ltr'><strong>vestrarum.</strong></span> <span class='ocrx_word' id='word_1_603' title='bbox 1322 4623 1387 4681; x_wconf 88' lang='lat' dir='ltr'><strong>Hoc</strong></span> <span class='ocrx_word' id='word_1_604' title='bbox 1408 4641 1500 4682; x_wconf 92' lang='lat' dir='ltr'><strong>unum</strong></span> <span class='ocrx_word' id='word_1_605' title='bbox 1523 4626 1666 4696; x_wconf 90' lang='lat' dir='ltr'><strong>superest,</strong></span> <span class='ocrx_word' id='word_1_606' title='bbox 1681 4626 1714 4680; x_wconf 90' lang='lat' dir='ltr'><strong>ut</strong></span> <span class='ocrx_word' id='word_1_607' title='bbox 1728 4626 1771 4680; x_wconf 91' lang='lat' dir='ltr'><strong>ta·</strong></span> 
     </span>
     <span class='ocr_line' id='line_1_49' title="bbox 86 4711 1771 4788; baseline 0 -20"><span class='ocrx_word' id='word_1_608' title='bbox 86 4713 194 4768; x_wconf 84' lang='lat' dir='ltr'><strong>alium</strong></span> <span class='ocrx_word' id='word_1_609' title='bbox 209 4711 263 4769; x_wconf 88' lang='lat' dir='ltr'><strong>tibi</strong></span> <span class='ocrx_word' id='word_1_610' title='bbox 281 4712 386 4770; x_wconf 88' lang='lat' dir='ltr'><strong>viventi</strong></span> <span class='ocrx_word' id='word_1_611' title='bbox 397 4714 551 4771; x_wconf 88' lang='lat' dir='ltr'><strong>succedere</strong></span> <span class='ocrx_word' id='word_1_612' title='bbox 570 4715 716 4788; x_wconf 88' lang='lat' dir='ltr'><strong>patiamur</strong></span> <span class='ocrx_word' id='word_1_613' title='bbox 734 4733 741 4774; x_wconf 91' lang='lat'>:</span> <span class='ocrx_word' id='word_1_614' title='bbox 763 4719 858 4788; x_wconf 88' lang='lat' dir='ltr'><strong>Pater,</strong></span> <span class='ocrx_word' id='word_1_615' title='bbox 878 4721 910 4774; x_wconf 92' lang='lat' dir='ltr'><strong>tu</strong></span> <span class='ocrx_word' id='word_1_616' title='bbox 962 4714 1075 4770; x_wconf 89' lang='lat' dir='ltr'><strong>lentum</strong></span> <span class='ocrx_word' id='word_1_617' title='bbox 1090 4711 1208 4787; x_wconf 90' lang='lat' dir='ltr'><strong>qnodiu</strong></span> <span class='ocrx_word' id='word_1_618' title='bbox 1222 4712 1625 4786; x_wconf 84' lang='lat' dir='ltr'><strong>vobisgaudeocumulotum,</strong></span> <span class='ocrx_word' id='word_1_619' title='bbox 1637 4713 1771 4769; x_wconf 87' lang='lat' dir='ltr'><strong>aliocon·</strong></span> 
     </span>
     <span class='ocr_line' id='line_1_50' title="bbox 84 4801 1773 4876; baseline 0.001 -19"><span class='ocrx_word' id='word_1_620' title='bbox 84 4801 664 4876; x_wconf 80' lang='lat' dir='ltr'><strong>nobisdatusselegitimasnccessione3</strong></span> <span class='ocrx_word' id='word_1_621' title='bbox 680 4822 734 4862; x_wconf 89' lang='lat' dir='ltr'><strong>nos</strong></span> <span class='ocrx_word' id='word_1_622' title='bbox 750 4822 809 4862; x_wconf 91' lang='lat' dir='ltr'><strong>non</strong></span> <span class='ocrx_word' id='word_1_623' title='bbox 827 4807 911 4864; x_wconf 92' lang='lat' dir='ltr'><strong>adul·</strong></span> <span class='ocrx_word' id='word_1_624' title='bbox 962 4802 1055 4859; x_wconf 84' lang='lat' dir='ltr'><strong>ieram</strong></span> <span class='ocrx_word' id='word_1_625' title='bbox 1069 4801 1163 4875; x_wconf 91' lang='lat' dir='ltr'><strong>magis</strong></span> <span class='ocrx_word' id='word_1_626' title='bbox 1186 4801 1340 4876; x_wconf 87' lang='lat' dir='ltr'><strong>magisque</strong></span> <span class='ocrx_word' id='word_1_627' title='bbox 1371 4801 1591 4870; x_wconf 88' lang='lat' dir='ltr'><strong>cumulandum,</strong></span> <span class='ocrx_word' id='word_1_628' title='bbox 1625 4804 1656 4857; x_wconf 88' lang='lat' dir='ltr'><strong>ut</strong></span> <span class='ocrx_word' id='word_1_629' title='bbox 1678 4805 1773 4859; x_wconf 86' lang='lat' dir='ltr'><strong>vestra</strong></span> 
     </span>
    </p>
   </div>
   <div class='ocr_carea' id='block_1_3' title="bbox 75 4889 913 5764">
    <p class='ocr_par' dir='ltr' id='par_1_4' title="bbox 83 4889 910 4968">
     <span class='ocr_line' id='line_1_51' title="bbox 83 4889 910 4968; baseline 0.008 -22"><span class='ocrx_word' id='word_1_630' title='bbox 83 4889 188 4946; x_wconf 82' lang='lat' dir='ltr'><strong>lerini</strong></span> <span class='ocrx_word' id='word_1_631' title='bbox 199 4889 251 4945; x_wconf 89' lang='lat' dir='ltr'><strong>sed</strong></span> <span class='ocrx_word' id='word_1_632' title='bbox 262 4889 385 4963; x_wconf 89' lang='lat' dir='ltr'><strong>legitimi</strong></span> <span class='ocrx_word' id='word_1_633' title='bbox 405 4891 456 4947; x_wconf 88' lang='lat' dir='ltr'><strong>lilii</strong></span> <span class='ocrx_word' id='word_1_634' title='bbox 475 4896 504 4948; x_wconf 90' lang='lat' dir='ltr'><strong>et</strong></span> <span class='ocrx_word' id='word_1_635' title='bbox 517 4892 573 4949; x_wconf 92' lang='lat' dir='ltr'><strong>dici</strong></span> <span class='ocrx_word' id='word_1_636' title='bbox 591 4897 620 4949; x_wconf 90' lang='lat' dir='ltr'><strong>el</strong></span> <span class='ocrx_word' id='word_1_637' title='bbox 636 4911 696 4951; x_wconf 88' lang='lat' dir='ltr'><strong>esse</strong></span> <span class='ocrx_word' id='word_1_638' title='bbox 709 4895 910 4968; x_wconf 88' lang='lat' dir='ltr'><strong>percupimus.</strong></span> 
     </span>
    </p>

    <p class='ocr_par' dir='ltr' id='par_1_5' title="bbox 75 4976 913 5764">
     <span class='ocr_line' id='line_1_52' title="bbox 125 4976 908 5055; baseline 0.009 -21"><span class='ocrx_word' id='word_1_639' title='bbox 125 4977 201 5034; x_wconf 82' lang='lat' dir='ltr'><strong>xvi.</strong></span> <span class='ocrx_word' id='word_1_640' title='bbox 215 4976 369 5034; x_wconf 73' lang='lat' dir='ltr'><strong>advertisti</strong></span> <span class='ocrx_word' id='word_1_641' title='bbox 382 4979 446 5051; x_wconf 88' lang='lat' dir='ltr'><strong>jam</strong></span> <span class='ocrx_word' id='word_1_642' title='bbox 470 4980 520 5036; x_wconf 91' lang='lat' dir='ltr'><strong>ubi</strong></span> <span class='ocrx_word' id='word_1_643' title='bbox 543 4985 743 5054; x_wconf 81' lang='lat' dir='ltr'><strong>praegraretur</strong></span> <span class='ocrx_word' id='word_1_644' title='bbox 763 4982 908 5055; x_wconf 89' lang='lat' dir='ltr'><strong>judicium</strong></span> 
     </span>
     <span class='ocr_line' id='line_1_53' title="bbox 79 5066 913 5140; baseline 0.008 -20"><span class='ocrx_word' id='word_1_645' title='bbox 79 5069 183 5122; x_wconf 87' lang='lat' dir='ltr'><strong>tuum</strong></span> <span class='ocrx_word' id='word_1_646' title='bbox 201 5081 208 5123; x_wconf 74' lang='grc' dir='ltr'><strong>ε</strong></span> <span class='ocrx_word' id='word_1_647' title='bbox 225 5066 332 5140; x_wconf 85' lang='lat' dir='ltr'><strong>accipe,</strong></span> <span class='ocrx_word' id='word_1_648' title='bbox 344 5083 517 5140; x_wconf 76' lang='lat' dir='ltr'><strong>quaesumus,</strong></span> <span class='ocrx_word' id='word_1_649' title='bbox 529 5069 608 5125; x_wconf 88' lang='lat' dir='ltr'><strong>unde</strong></span> <span class='ocrx_word' id='word_1_650' title='bbox 624 5069 838 5129; x_wconf 86' lang='lat' dir='ltr'><strong>existimatione</strong></span> <span class='ocrx_word' id='word_1_651' title='bbox 847 5091 913 5130; x_wconf 90' lang='lat' dir='ltr'><strong>nos.</strong></span> 
     </span>
     <span class='ocr_line' id='line_1_54' title="bbox 81 5155 912 5237; baseline 0.014 -28"><span class='ocrx_word' id='word_1_652' title='bbox 81 5157 147 5210; x_wconf 74' lang='lat' dir='ltr'><strong>trae</strong></span> <span class='ocrx_word' id='word_1_653' title='bbox 165 5155 342 5227; x_wconf 83' lang='lat' dir='ltr'><strong>ignominiae</strong></span> <span class='ocrx_word' id='word_1_654' title='bbox 358 5160 427 5213; x_wconf 89' lang='lat' dir='ltr'><strong>nota</strong></span> <span class='ocrx_word' id='word_1_655' title='bbox 442 5157 585 5216; x_wconf 89' lang='lat' dir='ltr'><strong>inuratur.</strong></span> <span class='ocrx_word' id='word_1_656' title='bbox 605 5159 643 5215; x_wconf 90' lang='lat' dir='ltr'><strong>Ut</strong></span> <span class='ocrx_word' id='word_1_657' title='bbox 661 5176 715 5216; x_wconf 89' lang='lat' dir='ltr'><strong>nos</strong></span> <span class='ocrx_word' id='word_1_658' title='bbox 730 5165 808 5218; x_wconf 89' lang='lat' dir='ltr'><strong>recte</strong></span> <span class='ocrx_word' id='word_1_659' title='bbox 824 5165 912 5237; x_wconf 88' lang='lat' dir='ltr'><strong>atque</strong></span> 
     </span>
     <span class='ocr_line' id='line_1_55' title="bbox 80 5242 911 5321; baseline 0.014 -25"><span class='ocrx_word' id='word_1_660' title='bbox 80 5242 337 5316; x_wconf 88' lang='lat' dir='ltr'><strong>ordinedeseras,</strong></span> <span class='ocrx_word' id='word_1_661' title='bbox 345 5247 431 5303; x_wconf 80' lang='lat' dir='ltr'><strong>nullae</strong></span> <span class='ocrx_word' id='word_1_662' title='bbox 440 5247 493 5303; x_wconf 91' lang='lat' dir='ltr'><strong>tibi</strong></span> <span class='ocrx_word' id='word_1_663' title='bbox 501 5251 767 5321; x_wconf 85' lang='lat' dir='ltr'><strong>causaesuppctont.</strong></span> <span class='ocrx_word' id='word_1_664' title='bbox 779 5251 911 5308; x_wconf 89' lang='lat' dir='ltr'><strong>Primum</strong></span> 
     </span>
     <span class='ocr_line' id='line_1_56' title="bbox 79 5331 911 5411; baseline 0.014 -27"><span class='ocrx_word' id='word_1_665' title='bbox 79 5331 178 5404; x_wconf 87' lang='lat' dir='ltr'><strong>quod</strong></span> <span class='ocrx_word' id='word_1_666' title='bbox 194 5331 316 5390; x_wconf 87' lang='lat' dir='ltr'><strong>minime</strong></span> <span class='ocrx_word' id='word_1_667' title='bbox 329 5351 428 5391; x_wconf 91' lang='lat' dir='ltr'><strong>sumus</strong></span> <span class='ocrx_word' id='word_1_668' title='bbox 442 5334 609 5406; x_wconf 86' lang='lat' dir='ltr'><strong>adulterini,</strong></span> <span class='ocrx_word' id='word_1_669' title='bbox 631 5341 664 5394; x_wconf 90' lang='lat' dir='ltr'><strong>ut</strong></span> <span class='ocrx_word' id='word_1_670' title='bbox 673 5338 739 5411; x_wconf 88' lang='lat' dir='ltr'><strong>jure</strong></span> <span class='ocrx_word' id='word_1_671' title='bbox 754 5355 809 5394; x_wconf 89' lang='lat' dir='ltr'><strong>nos</strong></span> <span class='ocrx_word' id='word_1_672' title='bbox 821 5339 911 5396; x_wconf 90' lang='lat' dir='ltr'><strong>relin-</strong></span> 
     </span>
     <span class='ocr_line' id='line_1_57' title="bbox 80 5422 908 5502; baseline 0.011 -26"><span class='ocrx_word' id='word_1_673' title='bbox 80 5422 222 5494; x_wconf 84' lang='lat' dir='ltr'><strong>quas.ln</strong></span> <span class='ocrx_word' id='word_1_674' title='bbox 231 5424 377 5481; x_wconf 71' lang='lat' dir='ltr'><strong>catholica</strong></span> <span class='ocrx_word' id='word_1_675' title='bbox 385 5423 660 5498; x_wconf 76' lang='lat' dir='ltr'><strong>Matrisgremioate</strong></span> <span class='ocrx_word' id='word_1_676' title='bbox 670 5445 770 5485; x_wconf 88' lang='lat' dir='ltr'><strong>sumus</strong></span> <span class='ocrx_word' id='word_1_677' title='bbox 780 5429 908 5502; x_wconf 84' lang='lat' dir='ltr'><strong>excepti:</strong></span> 
     </span>
     <span class='ocr_line' id='line_1_58' title="bbox 80 5512 909 5592; baseline 0.013 -27"><span class='ocrx_word' id='word_1_678' title='bbox 80 5527 253 5584; x_wconf 87' lang='lat' dir='ltr'><strong>nunquam</strong></span> <span class='ocrx_word' id='word_1_679' title='bbox 266 5512 399 5570; x_wconf 89' lang='lat' dir='ltr'><strong>credulas</strong></span> <span class='ocrx_word' id='word_1_680' title='bbox 418 5530 502 5570; x_wconf 89' lang='lat' dir='ltr'><strong>aures</strong></span> <span class='ocrx_word' id='word_1_681' title='bbox 519 5532 654 5589; x_wconf 90' lang='lat' dir='ltr'><strong>perverso</strong></span> <span class='ocrx_word' id='word_1_682' title='bbox 676 5516 811 5592; x_wconf 89' lang='lat' dir='ltr'><strong>dogmati</strong></span> <span class='ocrx_word' id='word_1_683' title='bbox 825 5519 909 5576; x_wconf 90' lang='lat' dir='ltr'><strong>adhi-</strong></span> 
     </span>
     <span class='ocr_line' id='line_1_59' title="bbox 77 5601 908 5681; baseline 0.012 -25"><span class='ocrx_word' id='word_1_684' title='bbox 77 5601 225 5658; x_wconf 87' lang='lat' dir='ltr'><strong>buimus.</strong></span> <span class='ocrx_word' id='word_1_685' title='bbox 240 5601 275 5658; x_wconf 83' lang='lat' dir='ltr'><strong>lit</strong></span> <span class='ocrx_word' id='word_1_686' title='bbox 289 5601 312 5657; x_wconf 94' lang='lat' dir='ltr'><strong>si</strong></span> <span class='ocrx_word' id='word_1_687' title='bbox 323 5602 450 5662; x_wconf 86' lang='lat' dir='ltr'><strong>lortassis</strong></span> <span class='ocrx_word' id='word_1_688' title='bbox 462 5603 552 5662; x_wconf 92' lang='lat' dir='ltr'><strong>etiam</strong></span> <span class='ocrx_word' id='word_1_689' title='bbox 562 5623 597 5664; x_wconf 92' lang='lat' dir='ltr'><strong>ea</strong></span> <span class='ocrx_word' id='word_1_690' title='bbox 612 5607 642 5664; x_wconf 92' lang='lat' dir='ltr'><strong>in</strong></span> <span class='ocrx_word' id='word_1_691' title='bbox 661 5609 745 5681; x_wconf 87' lang='lat' dir='ltr'><strong>parto</strong></span> <span class='ocrx_word' id='word_1_692' title='bbox 758 5623 908 5681; x_wconf 89' lang='lat' dir='ltr'><strong>peccasse·</strong></span> 
     </span>
     <span class='ocr_line' id='line_1_60' title="bbox 75 5693 896 5764; baseline 0.01 -16"><span class='ocrx_word' id='word_1_693' title='bbox 75 5705 173 5764; x_wconf 85' lang='lat' dir='ltr'><strong>mus,</strong></span> <span class='ocrx_word' id='word_1_694' title='bbox 189 5693 223 5750; x_wconf 86' lang='lat' dir='ltr'><strong>tu</strong></span> <span class='ocrx_word' id='word_1_695' title='bbox 235 5693 318 5752; x_wconf 88' lang='lat' dir='ltr'><strong>nobis</strong></span> <span class='ocrx_word' id='word_1_696' title='bbox 329 5695 441 5753; x_wconf 88' lang='lat' dir='ltr'><strong>mederi</strong></span> <span class='ocrx_word' id='word_1_697' title='bbox 452 5695 604 5756; x_wconf 87' lang='lat' dir='ltr'><strong>debueras.</strong></span> <span class='ocrx_word' id='word_1_698' title='bbox 618 5695 730 5755; x_wconf 84' lang='lat' dir='ltr'><strong>Deinde</strong></span> <span class='ocrx_word' id='word_1_699' title='bbox 745 5697 777 5755; x_wconf 87' lang='lat' dir='ltr'><strong>ut</strong></span> <span class='ocrx_word' id='word_1_700' title='bbox 790 5697 847 5756; x_wconf 91' lang='lat' dir='ltr'><strong>alio</strong></span> <span class='ocrx_word' id='word_1_701' title='bbox 867 5702 896 5756; x_wconf 90' lang='lat' dir='ltr'><strong>te</strong></span> 
     </span>
    </p>
   </div>
   <div class='ocr_carea' id='block_1_4' title="bbox 350 5795 613 5860">
    <p class='ocr_par' dir='ltr' id='par_1_6' title="bbox 350 5795 613 5860">
     <span class='ocr_line' id='line_1_61' title="bbox 350 5795 613 5860; baseline 0.004 -4"><span class='ocrx_word' id='word_1_702' title='bbox 350 5795 470 5860; x_wconf 68' lang='lat' dir='ltr'><strong>ernon</strong></span> <span class='ocrx_word' id='word_1_703' title='bbox 484 5795 613 5858; x_wconf 75' lang='lat' dir='ltr'><strong>cxxxix.</strong></span> 
     </span>
    </p>
   </div>
   <div class='ocr_carea' id='block_1_5' title="bbox 961 4889 1773 5768">
    <p class='ocr_par' dir='ltr' id='par_1_7' title="bbox 961 4889 1773 5768">
     <span class='ocr_line' id='line_1_62' title="bbox 963 4889 1773 4965; baseline -0.004 -17"><span class='ocrx_word' id='word_1_704' title='bbox 963 4891 1143 4948; x_wconf 89' lang='lat' dir='ltr'><strong>abundantia</strong></span> <span class='ocrx_word' id='word_1_705' title='bbox 1169 4891 1287 4948; x_wconf 88' lang='lat' dir='ltr'><strong>illorum</strong></span> <span class='ocrx_word' id='word_1_706' title='bbox 1312 4889 1442 4965; x_wconf 91' lang='lat' dir='ltr'><strong>inopiam</strong></span> <span class='ocrx_word' id='word_1_707' title='bbox 1463 4891 1605 4964; x_wconf 88' lang='lat' dir='ltr'><strong>suppleat.</strong></span> <span class='ocrx_word' id='word_1_708' title='bbox 1632 4889 1773 4946; x_wconf 82' lang='lat' dir='ltr'><strong>Fecerunt</strong></span> 
     </span>
     <span class='ocr_line' id='line_1_63' title="bbox 962 4977 1772 5054; baseline 0 -19"><span class='ocrx_word' id='word_1_709' title='bbox 962 4980 1017 5036; x_wconf 92' lang='lat' dir='ltr'><strong>hoc</strong></span> <span class='ocrx_word' id='word_1_710' title='bbox 1029 4983 1098 5036; x_wconf 87' lang='lat' dir='ltr'><strong>ante</strong></span> <span class='ocrx_word' id='word_1_711' title='bbox 1108 4997 1161 5036; x_wconf 92' lang='lat' dir='ltr'><strong>nos</strong></span> <span class='ocrx_word' id='word_1_712' title='bbox 1173 4979 1262 5036; x_wconf 89' lang='lat' dir='ltr'><strong>etiam</strong></span> <span class='ocrx_word' id='word_1_713' title='bbox 1271 4979 1365 5035; x_wconf 89' lang='lat' dir='ltr'><strong>sancti</strong></span> <span class='ocrx_word' id='word_1_714' title='bbox 1374 4977 1650 5054; x_wconf 84' lang='lat' dir='ltr'><strong>bomines‚qoornm</strong></span> <span class='ocrx_word' id='word_1_715' title='bbox 1658 4979 1772 5035; x_wconf 90' lang='lat' dir='ltr'><strong>utinam</strong></span> 
     </span>
     <span class='ocr_line' id='line_1_64' title="bbox 963 5067 1772 5142; baseline -0.002 -17"><span class='ocrx_word' id='word_1_716' title='bbox 963 5086 1016 5125; x_wconf 90' lang='lat' dir='ltr'><strong>nos</strong></span> <span class='ocrx_word' id='word_1_717' title='bbox 1029 5069 1074 5125; x_wconf 90' lang='lat' dir='ltr'><strong>vel</strong></span> <span class='ocrx_word' id='word_1_718' title='bbox 1088 5071 1219 5125; x_wconf 85' lang='lat' dir='ltr'><strong>extrema</strong></span> <span class='ocrx_word' id='word_1_719' title='bbox 1240 5067 1346 5124; x_wconf 89' lang='lat' dir='ltr'><strong>merita</strong></span> <span class='ocrx_word' id='word_1_720' title='bbox 1365 5085 1482 5142; x_wconf 80' lang='lat' dir='ltr'><strong>sequare</strong></span> <span class='ocrx_word' id='word_1_721' title='bbox 1497 5069 1639 5142; x_wconf 89' lang='lat' dir='ltr'><strong>possimus</strong></span> <span class='ocrx_word' id='word_1_722' title='bbox 1654 5085 1661 5126; x_wconf 76' lang='grc' dir='ltr'><strong>ε</strong></span> <span class='ocrx_word' id='word_1_723' title='bbox 1678 5068 1772 5142; x_wconf 89' lang='lat' dir='ltr'><strong>oqui-</strong></span> 
     </span>
     <span class='ocr_line' id='line_1_65' title="bbox 963 5157 1769 5232; baseline -0.005 -17"><span class='ocrx_word' id='word_1_724' title='bbox 963 5161 1016 5216; x_wconf 91' lang='lat' dir='ltr'><strong>bus</strong></span> <span class='ocrx_word' id='word_1_725' title='bbox 1027 5158 1157 5232; x_wconf 90' lang='lat' dir='ltr'><strong>plerique</strong></span> <span class='ocrx_word' id='word_1_726' title='bbox 1172 5157 1292 5230; x_wconf 85' lang='lat' dir='ltr'><strong>majoris</strong></span> <span class='ocrx_word' id='word_1_727' title='bbox 1313 5157 1446 5214; x_wconf 88' lang='lat' dir='ltr'><strong>utilitatis</strong></span> <span class='ocrx_word' id='word_1_728' title='bbox 1465 5176 1550 5216; x_wconf 88' lang='lat' dir='ltr'><strong>cansa</strong></span> <span class='ocrx_word' id='word_1_729' title='bbox 1570 5159 1607 5215; x_wconf 91' lang='lat' dir='ltr'><strong>ad</strong></span> <span class='ocrx_word' id='word_1_730' title='bbox 1628 5158 1697 5214; x_wconf 89' lang='lat' dir='ltr'><strong>alias</strong></span> <span class='ocrx_word' id='word_1_731' title='bbox 1718 5157 1769 5212; x_wconf 87' lang='lat' dir='ltr'><strong>Eo-</strong></span> 
     </span>
     <span class='ocr_line' id='line_1_66' title="bbox 963 5245 1770 5320; baseline -0.006 -15"><span class='ocrx_word' id='word_1_732' title='bbox 963 5248 1062 5305; x_wconf 88' lang='lat' dir='ltr'><strong>clesias</strong></span> <span class='ocrx_word' id='word_1_733' title='bbox 1073 5265 1105 5303; x_wconf 89' lang='lat' dir='ltr'><strong>se</strong></span> <span class='ocrx_word' id='word_1_734' title='bbox 1118 5246 1269 5303; x_wconf 81' lang='lat' dir='ltr'><strong>transferri</strong></span> <span class='ocrx_word' id='word_1_735' title='bbox 1282 5247 1359 5320; x_wconf 88' lang='lat' dir='ltr'><strong>passi</strong></span> <span class='ocrx_word' id='word_1_736' title='bbox 1385 5250 1469 5319; x_wconf 88' lang='lat' dir='ltr'><strong>sunt;</strong></span> <span class='ocrx_word' id='word_1_737' title='bbox 1488 5247 1620 5304; x_wconf 90' lang='lat' dir='ltr'><strong>nonnulli</strong></span> <span class='ocrx_word' id='word_1_738' title='bbox 1636 5261 1686 5318; x_wconf 87' lang='lat' dir='ltr'><strong>spe</strong></span> <span class='ocrx_word' id='word_1_739' title='bbox 1699 5245 1770 5301; x_wconf 89' lang='lat' dir='ltr'><strong>ube-</strong></span> 
     </span>
     <span class='ocr_line' id='line_1_67' title="bbox 962 5335 1770 5411; baseline -0.004 -17"><span class='ocrx_word' id='word_1_740' title='bbox 962 5337 1047 5394; x_wconf 89' lang='lat' dir='ltr'><strong>rioris</strong></span> <span class='ocrx_word' id='word_1_741' title='bbox 1061 5336 1159 5393; x_wconf 89' lang='lat' dir='ltr'><strong>meriti</strong></span> <span class='ocrx_word' id='word_1_742' title='bbox 1173 5337 1249 5392; x_wconf 91' lang='lat' dir='ltr'><strong>ultro</strong></span> <span class='ocrx_word' id='word_1_743' title='bbox 1265 5337 1515 5411; x_wconf 85' lang='lat' dir='ltr'><strong>commigrarunt.</strong></span> <span class='ocrx_word' id='word_1_744' title='bbox 1532 5337 1633 5393; x_wconf 88' lang='lat' dir='ltr'><strong>Postea</strong></span> <span class='ocrx_word' id='word_1_745' title='bbox 1650 5350 1730 5404; x_wconf 89' lang='lat' dir='ltr'><strong>vero,</strong></span> <span class='ocrx_word' id='word_1_746' title='bbox 1746 5335 1770 5391; x_wconf 89' lang='lat' dir='ltr'><strong>si</strong></span> 
     </span>
     <span class='ocr_line' id='line_1_68' title="bbox 962 5423 1770 5498; baseline -0.002 -16"><span class='ocrx_word' id='word_1_747' title='bbox 962 5443 992 5482; x_wconf 92' lang='lat' dir='ltr'><strong>se</strong></span> <span class='ocrx_word' id='word_1_748' title='bbox 1006 5425 1149 5483; x_wconf 89' lang='lat' dir='ltr'><strong>sentirent</strong></span> <span class='ocrx_word' id='word_1_749' title='bbox 1161 5423 1204 5482; x_wconf 80' lang='lat' dir='ltr'><strong>rel</strong></span> <span class='ocrx_word' id='word_1_750' title='bbox 1215 5441 1318 5498; x_wconf 88' lang='lat' dir='ltr'><strong>parum</strong></span> <span class='ocrx_word' id='word_1_751' title='bbox 1335 5427 1488 5498; x_wconf 88' lang='lat' dir='ltr'><strong>prolicere,</strong></span> <span class='ocrx_word' id='word_1_752' title='bbox 1499 5425 1542 5481; x_wconf 82' lang='lat' dir='ltr'><strong>rel</strong></span> <span class='ocrx_word' id='word_1_753' title='bbox 1554 5439 1636 5480; x_wconf 89' lang='lat' dir='ltr'><strong>suam</strong></span> <span class='ocrx_word' id='word_1_754' title='bbox 1648 5441 1770 5498; x_wconf 90' lang='lat' dir='ltr'><strong>operam</strong></span> 
     </span>
     <span class='ocr_line' id='line_1_69' title="bbox 962 5511 1771 5583; baseline 0 -13"><span class='ocrx_word' id='word_1_755' title='bbox 962 5532 1021 5572; x_wconf 88' lang='lat' dir='ltr'><strong>non</strong></span> <span class='ocrx_word' id='word_1_756' title='bbox 1037 5514 1197 5571; x_wconf 88' lang='lat' dir='ltr'><strong>admodum</strong></span> <span class='ocrx_word' id='word_1_757' title='bbox 1213 5514 1421 5583; x_wconf 89' lang='lat' dir='ltr'><strong>necessariam,</strong></span> <span class='ocrx_word' id='word_1_758' title='bbox 1433 5529 1496 5570; x_wconf 87' lang='lat' dir='ltr'><strong>sese</strong></span> <span class='ocrx_word' id='word_1_759' title='bbox 1511 5511 1673 5571; x_wconf 83' lang='lat' dir='ltr'><strong>subduxere</strong></span> <span class='ocrx_word' id='word_1_760' title='bbox 1689 5518 1718 5571; x_wconf 91' lang='lat' dir='ltr'><strong>et</strong></span> <span class='ocrx_word' id='word_1_761' title='bbox 1733 5514 1771 5571; x_wconf 90' lang='lat' dir='ltr'><strong>ad</strong></span> 
     </span>
     <span class='ocr_line' id='line_1_70' title="bbox 961 5599 1771 5677; baseline -0.004 -16"><span class='ocrx_word' id='word_1_762' title='bbox 961 5603 1088 5676; x_wconf 75' lang='lat' dir='ltr'><strong>majores</strong></span> <span class='ocrx_word' id='word_1_763' title='bbox 1105 5604 1219 5661; x_wconf 89' lang='lat' dir='ltr'><strong>labores</strong></span> <span class='ocrx_word' id='word_1_764' title='bbox 1231 5603 1431 5677; x_wconf 89' lang='lat' dir='ltr'><strong>suscipiendos</strong></span> <span class='ocrx_word' id='word_1_765' title='bbox 1438 5599 1571 5658; x_wconf 89' lang='lat' dir='ltr'><strong>obtulere</strong></span> <span class='ocrx_word' id='word_1_766' title='bbox 1581 5603 1702 5677; x_wconf 90' lang='lat' dir='ltr'><strong>;quippe</strong></span> <span class='ocrx_word' id='word_1_767' title='bbox 1709 5601 1771 5676; x_wconf 91' lang='lat' dir='ltr'><strong>qul,</strong></span> 
     </span>
     <span class='ocr_line' id='line_1_71' title="bbox 962 5689 1772 5768; baseline 0 -16"><span class='ocrx_word' id='word_1_768' title='bbox 962 5697 996 5752; x_wconf 90' lang='lat' dir='ltr'><strong>ut</strong></span> <span class='ocrx_word' id='word_1_769' title='bbox 1008 5691 1157 5752; x_wconf 84' lang='lat' dir='ltr'><strong>fortissimi</strong></span> <span class='ocrx_word' id='word_1_770' title='bbox 1171 5693 1283 5768; x_wconf 83' lang='lat' dir='ltr'><strong>pugiles</strong></span> <span class='ocrx_word' id='word_1_771' title='bbox 1299 5691 1417 5765; x_wconf 78' lang='lat' dir='ltr'><strong>Christi,</strong></span> <span class='ocrx_word' id='word_1_772' title='bbox 1431 5689 1509 5750; x_wconf 87' lang='lat' dir='ltr'><strong>intra</strong></span> <span class='ocrx_word' id='word_1_773' title='bbox 1532 5691 1636 5768; x_wconf 86' lang='lat' dir='ltr'><strong>quietis</strong></span> <span class='ocrx_word' id='word_1_774' title='bbox 1648 5693 1772 5752; x_wconf 86' lang='lat' dir='ltr'><strong>claustra</strong></span> 
     </span>
    </p>
   </div>
   <div class='ocr_carea' id='block_1_6' title="bbox 0 0 1976 6186">
    <p class='ocr_par' dir='ltr' id='par_1_8' title="bbox 0 0 1976 6186">
     <span class='ocr_line' id='line_1_72' title="bbox 0 0 1976 6186; baseline 0 2"><span class='ocrx_word' id='word_1_775' title='bbox 0 0 1976 6186; x_wconf 95' lang='lat' dir='ltr'><strong> </strong></span> 
     </span>
    </p>
   </div>
  </div>
 </body>
</html>
