4022 6188
262 483 330 544 tire
906 471 1051 534 ioannis
1069 463 1149 530 xvut
1170 465 1272 530 Parta
1469 483 1472 488 ·
1826 481 1875 539 rm

258 599 313 674 giis
324 614 390 655 cum
403 590 587 670 amplissimis
594 592 826 666 possessionibus
835 594 1008 652 roboratum
1019 597 1064 652 at·
1072 594 1198 662 ¹Asessio
1208 612 1395 671 quoqnacnm
1404 596 1521 654 castello
1534 593 1683 665 Carnonis,
1698 598 1726 652 et
1740 595 1767 653 S.
1779 579 1882 660 lnben'

263 705 318 761 que
334 687 458 742 ditatum
473 685 525 740 ast.
541 682 683 740 Similiter
693 683 860 740 abudovico
868 685 1065 756 cognomento
1115 683 1263 757 sanctique
1271 685 1417 742 lamberti
1424 684 1581 744 cumterris
1588 684 1678 741 adeas
1691 685 1874 760 pcrtinentibus,

263 777 325 846 Pio,
338 776 400 848 ejus
410 773 482 838 illio,
496 772 594 829 omnis
614 771 721 829 fiscalis
736 772 894 832 exactionis
911 773 956 830 ret
971 773 1067 845 cujus·
1115 772 1235 830 ecclesia
1248 773 1275 829 S.
1288 774 1365 830 Petri
1376 791 1442 832 cum
1457 775 1567 848 capella
1579 774 1609 831 S.
1623 773 1747 830 Ioannis.
1757 776 1827 842 Item,
1837 779 1876 834 alia

261 881 376 938 cunque
388 861 489 936 legalis
498 877 549 918 seu
561 861 708 918 otnciariae
716 860 967 933 pensionis,simul
976 860 1065 918 etiam
1115 861 1181 918 villa
1196 879 1260 936 quae
1276 863 1379 919 dicitur
1391 865 1525 933 Alomna,
1540 880 1606 920 cum
1622 863 1742 920 ecclesiis
1754 865 1781 920 in
1792 867 1876 924 honore

261 951 407 1026 synodalis
419 949 508 1008 debiti
519 949 652 1008 omniurn
662 949 930 1022 ecclesiarumque
940 949 994 1022 ipsi
1005 966 1066 1006 mo·
1115 947 1144 1004 S.
1160 951 1279 1007 Ioannis
1291 954 1321 1006 et
1335 951 1364 1007 S.
1380 952 1520 1020 bucelini,
1536 967 1601 1008 cum
1612 951 1696 1008 terris
1710 953 1744 1008 ad
1760 969 1801 1008 eas
1812 957 1879 1026 perti-

261 1041 389 1099 uasterio
404 1040 564 1112 subjacent,
589 1038 776 1094 immunitate
803 1038 939 1106 ditatum,
954 1054 1007 1094 nos
1022 1036 1066 1092 ei·
1115 1037 1260 1095 nantibus.
1275 1039 1339 1094 Alia
1351 1055 1466 1112 quoque
1482 1039 1548 1095 villa
1572 1039 1691 1095 nomine
1703 1040 1818 1110 Itironio,
1830 1059 1877 1097 cum

262 1131 330 1188 dem
346 1127 653 1201 antiquomonasterio
662 1127 801 1198 ferentes,
810 1126 1064 1199 precibnsdomne
1115 1127 1233 1183 ecclesia
1248 1127 1278 1182 in
1292 1128 1404 1184 bonore
1414 1127 1566 1184 SCesarii
1581 1130 1610 1182 et
1624 1127 1707 1182 terris
1720 1129 1819 1201 quaed
1831 1145 1879 1185 ean

261 1221 353 1277 Bertee
368 1217 478 1290 regium
493 1232 526 1272 ac
538 1215 664 1270 illiorum
686 1215 747 1286 ejus
772 1213 930 1270 'theobaldi
944 1216 973 1268 et
988 1213 1066 1270 Odo-
1113 1214 1449 1286 pertinentllaecornnia
1458 1215 1628 1271 auctoritate
1642 1216 1756 1274 B.Petri
1766 1218 1879 1288 apostolo·

261 1307 316 1378 nis,
330 1305 488 1381 apostolica
499 1301 670 1360 auctoritate
682 1301 712 1357 in
723 1302 897 1375 perpetuum
909 1301 1063 1356 confirma-
1115 1318 1180 1358 rum
1190 1303 1327 1376 principis
1341 1320 1440 1360 coram
1451 1303 1511 1360 Deo
1521 1319 1554 1359 ac
1569 1303 1691 1359 terribili
1700 1304 1788 1360 tuturo
1796 1304 1880 1376 judicio

261 1413 326 1454 mus
337 1399 423 1468 atque
437 1389 665 1459 constabilimus,
680 1393 713 1444 ut
726 1391 750 1444 si
765 1389 827 1464 quis
846 1391 952 1446 barum
964 1406 1062 1446 rerum
1114 1391 1257 1464 perbqius
1264 1391 1414 1464 apostolici
1420 1392 1509 1448 nostri
1514 1391 1657 1466 privilegii
1665 1391 1880 1448 confirmationem

258 1487 418 1544 temerator
428 1477 996 1550 exstiterit,seupossessiones,ecclcsias,
1006 1481 1064 1534 ter·
1115 1479 1210 1535 eidem
1221 1481 1284 1536 loco
1295 1479 1530 1552 sancimusatque
1546 1480 1878 1554 decernimusetquecun·
1961 1487 1962 1504 .

261 1589 308 1630 ras
322 1572 367 1628 vel
388 1585 479 1643 aquas
492 1567 626 1639 ejusdem
644 1565 700 1622 loci
711 1564 819 1621 violare
845 1566 999 1622 tentaverit
1011 1566 1064 1621 sub
1115 1585 1196 1639 quea
1206 1568 1338 1625 fidelibus
1352 1569 1448 1626 eidem
1460 1570 1524 1624 loco
1535 1569 1674 1641 deinceps
1683 1569 1879 1635 collatatuerint,

261 1658 456 1718 anathematis
467 1656 630 1713 indictione
644 1653 800 1710 damnatus
809 1652 854 1710 sit.
866 1655 907 1710 Ite
921 1653 969 1708 illo
989 1669 1064 1710 noro
1115 1655 1376 1730 utsiquisnciarius
1384 1658 1594 1725 contradicere,
1602 1657 1736 1714 invadere
1744 1661 1787 1714 aut
1798 1659 1881 1714 calum

262 1747 407 1815 machin,
434 1744 513 1818 quod
533 1745 600 1818 post
624 1741 815 1798 rmtationem
838 1741 1064 1798 Narmannicam
1114 1743 1194 1800 niare
1204 1747 1429 1818 praesumpserit,
1437 1746 1630 1803 anathematis
1638 1746 1881 1803 uincrdoinnndatu

261 1838 459 1896 constructum
474 1836 518 1889 est
537 1848 554 1887 a
569 1830 748 1888 nobilissimo
763 1830 870 1886 comite
887 1829 1063 1898 Tbecbaldo,
1114 1849 1131 1887 a
1146 1833 1374 1891 Christianorum
1385 1835 1520 1890 societate
1530 1835 1561 1890 in
1576 1837 1880 1908 perpetuumseperetur.

260 1928 292 1984 in
303 1927 367 1984 loco
385 1923 435 1998 qui
461 1921 566 1978 dicitur
590 1921 750 1988 salmurus,
765 1917 795 1974 in
818 1917 935 1976 abbatia
957 1920 1064 1974 sancte
1075 1911 1101 1972 B
1112 1922 1149 1976 at
1163 1937 1231 1977 vero
1242 1922 1290 1994 qui
1314 1923 1362 1995 pio
1376 1921 1481 1978 intuitu
1496 1924 1667 1980 observator
1682 1940 1713 1980 ac
1735 1923 1763 1979 in
1776 1922 1882 1978 omnibns

260 2014 313 2073 Dei
337 2009 488 2070 Genitricis
513 2008 609 2065 blaciae
631 2012 661 2064 et
675 2007 766 2064 sancti
786 2005 1063 2079 loannisBaptistm,
1113 2009 1253 2067 cstterit
1267 2011 1431 2069 custodiens
1441 2011 1529 2084 hujus
1539 2012 1632 2068 nostri
1646 2011 1788 2085 spedolici
1801 2009 1882 2066 consti·

260 2119 325 2178 que
340 2101 474 2159 aderato
490 2095 693 2154 flliobudorici
704 2096 808 2152 coitate
817 2095 913 2154 iuerat
926 2093 1021 2150 eidem
1032 2093 1061 2150 S.
1114 2098 1177 2169 tuti,
1185 2099 1395 2157 benedictionis
1409 2101 1534 2172 gratiam
1551 2099 1882 2158 amisericordissimcbc

258 2191 416 2259 Florentio,
429 2185 643 2261 postulantibus
661 2184 833 2257 supradictis
855 2183 922 2238 tiliis
945 2183 1061 2254 nostris,
1113 2187 1579 2262 minosseonostromultipliciter
1593 2192 1791 2262 consequatur,
1805 2187 1883 2244 ecrite

257 2281 410 2340 statuimus
425 2275 584 2352 apostolica
597 2291 720 2332 censure
734 2275 786 2331 sub
800 2272 997 2346 divinijudicii
1010 2274 1063 2330 ob·
1112 2278 1229 2332 aeternoe
1244 2277 1388 2350 particeps
1402 2277 1477 2333 ellici
1494 2280 1655 2335 mereatur.

255 2363 423 2437 testatione,
439 2383 475 2422 ne
487 2365 610 2422 aliorum
623 2361 961 2436 quorumlibctdominio
974 2362 1063 2434 subji·
1148 2365 1293 2438 Scriptum
1302 2383 1356 2440 per
1371 2383 1475 2423 manus
1484 2365 1599 2439 Georgii
1615 2363 1879 2422 notariiacscriniarii

257 2458 412 2516 cieturaut
427 2453 558 2511 interiori
573 2451 710 2524 potestati
722 2450 873 2514 subdatur,
885 2449 979 2506 sedin
993 2466 1062 2523 par·
1111 2458 1217 2511 sancte
1233 2455 1371 2511 Romane
1391 2454 1523 2511 Ecclesia
1542 2454 1572 2510 in
1596 2471 1701 2512 mensa
1714 2450 1883 2526 Apriliindic·

258 2550 379 2620 potuum
391 2558 444 2616 per
454 2541 640 2597 succedentes
654 2537 784 2594 heredes
796 2538 956 2594 theobaldi
974 2543 1061 2611 atque
1112 2541 1192 2598 tione
1208 2543 1345 2600 secunda.

261 2633 369 2692 odonis
382 2634 502 2704 regatur
516 2631 603 2701 atque
618 2626 800 2684 defendatur.
829 2625 859 2680 Si
880 2626 944 2699 quis
962 2629 1062 2683 autem
1504 2635 1538 2690 11,

260 2739 363 2782 eorum
377 2721 472 2793 ipsum
486 2720 584 2774 Iocum
598 2716 759 2789 cuicunque
773 2717 918 2772 extraneae
930 2731 1063 2788 persone
1112 2719 1226 2776 Ioannis
1241 2719 1351 2776 XVIII
1365 2721 1539 2794 prioiteqium
1545 2738 1598 2793 pro
1612 2721 1734 2780 Ecclesia
1757 2719 1785 2776 S.
1805 2717 1884 2774 aasz

260 2810 462 2879 transfuderit,
477 2823 527 2864 scu
542 2820 722 2879 quecunque
732 2819 858 2877 persona
872 2804 1010 2860 eumdem
1021 2806 1063 2860 Io·
1445 2792 1587 2867 liddensi·

261 2919 328 2960 cnm
342 2901 378 2958 ab
391 2899 432 2955 eis
444 2899 578 2969 expetere
600 2896 649 2952 aut
673 2909 806 2950 coemere
818 2894 983 2962 tentaverit,
998 2910 1064 2950 cum
1418 2883 1510 2955 (Anno
1524 2884 1614 2950 1004).

261 2992 336 3053 Inda
349 2989 499 3064 proditore
522 2985 552 3042 in
567 2987 697 3040 extremo
714 2982 824 3055 judicio
846 2983 1004 3039 anathema
1017 2982 1063 3039 sit.
1197 2988 1319 3060 [Idanmq
1332 2987 1433 3060 Papiri
1445 2987 1569 3060 diplom„
1587 2991 1663 3044 tom.
1676 2989 1698 3052 1,
1713 3003 1742 3060 p.
1756 2987 1822 3056 2381.

264 3078 517 3156 Alligamusetiam
527 3075 633 3132 eodem
643 3074 886 3129 anathemateeos
896 3072 945 3146 qui
957 3072 1065 3145 aliquid
1149 3075 1270 3132 tcauuas
1285 3076 1554 3150 episcopusservus
1568 3093 1718 3133 serrorum
1730 3075 1788 3143 Dei,
1803 3072 1887 3129 unirer·

263 3174 301 3230 de
312 3171 356 3228 bia
370 3184 434 3243 quae
460 3164 498 3222 ad
510 3178 636 3238 presens
650 3161 731 3217 idem
753 3162 833 3216 Iocus
857 3161 994 3234 possidet,
1021 3159 1065 3216 rel
1115 3165 1268 3222 sissanctae
1283 3165 1422 3222 Romane
1434 3165 1562 3222 Ecclesiae
1573 3165 1651 3222 tiliis.
1964 3223 1965 3232 ,

262 3260 398 3332 deinceps
406 3253 581 3329 acquisierit,
595 3250 709 3308 auferre
720 3249 889 3318 tentaverit,
912 3265 963 3305 seu
977 3264 1066 3304 nervas
1152 3254 1243 3312 Officii
1256 3255 1346 3310 nostri
1361 3258 1404 3311 est
1418 3253 1551 3310 omnium
1565 3259 1734 3312 sanctarum
1751 3252 1796 3310 Dei
1815 3249 1886 3307 Scele-
1964 3250 1965 3268 ¹

261 3351 340 3425 leges
354 3347 472 3412 addere,
484 3342 538 3398 nisi
547 3343 689 3413 mantum
704 3338 894 3395 constitutum
906 3342 949 3393 est
967 3338 1003 3393 ab
1019 3353 1066 3392 ar·
1114 3343 1225 3400 siarum
1240 3343 1397 3399 commoda
1408 3342 1586 3414 generaliter
1594 3343 1778 3400 considerare
1789 3343 1814 3396 et
1821 3335 1888 3394 masi·

261 3435 443 3509 cbiepiscopo
457 3429 586 3485 Arduino
600 3426 744 3483 etcomite
752 3425 1069 3481 Odonelltiolbeobal·
1117 3449 1166 3488 me
1179 3447 1279 3488 aarum
1290 3448 1355 3504 quae
1371 3429 1567 3504 potentialiter
1591 3433 1646 3489 sub
1662 3432 1731 3504 jure
1746 3433 1773 3486 et
1786 3423 1887 3484 domuin

262 3524 302 3580 di.
313 3521 472 3580 statuimus
485 3515 571 3572 etiarn
587 3513 652 3596 uthai
666 3514 782 3569 decreto
797 3513 998 3587 episcoporum
1016 3530 1067 3588 pa·
1118 3524 1225 3578 nostrie
1238 3522 1377 3576 Romanae
1393 3519 1527 3576 Ecclesia
1545 3521 1718 3578 consistunt.
1746 3519 1774 3575 si
1792 3514 1849 3591 quid
1859 3514 1888 3567 at

262 3610 376 3686 gusille
389 3601 696 3664 excommunicationis
710 3602 888 3658 sententiam
912 3603 1068 3675 exceperit,
1119 3608 1339 3666 incommodum
1360 3609 1487 3679 abolet-0,
1511 3625 1548 3665 ne
1575 3609 1656 3682 grani
1682 3603 1888 3666 incommoditate

262 3703 348 3760 liceat
362 3693 597 3755 eidemcoenobic
606 3692 708 3748 missas
727 3695 757 3748 ct
772 3692 887 3764 reliqua
899 3707 982 3748 sacra
994 3693 1068 3748 cele·
1119 3714 1171 3754 sua
1186 3699 1324 3770 neglecte
1334 3697 1660 3771 vilescantvelqualibet
1671 3713 1724 3754 nos
1733 3712 1763 3752 ac
1773 3690 1888 3750 occmione

261 3791 359 3860 urus,
370 3803 465 3860 neque
474 3781 660 3856 abepiscopis
673 3781 982 3854 propterbocaliquod
991 3797 1069 3853 proe·
1120 3788 1218 3844 debita
1232 3786 1416 3843 solemnitate
1431 3789 1538 3842 careat.
1555 3789 1634 3842 Inter
1647 3790 1753 3864 catera
1775 3798 1832 3840 cum
1847 3778 1890 3850 plu·

258 3877 402 3954 judicium
415 3873 558 3932 sustinere
573 3873 703 3943 cogatur.
725 3869 808 3934 Quod
825 3870 848 3925 si
868 3870 965 3926 abbati
979 3870 1068 3943 ipsius
1117 3875 1193 3934 rime
1204 3876 1389 3950 negotiorum
1404 3891 1513 3948 genera
1536 3876 1574 3932 ad
1595 3876 1697 3932 sedam
1709 3876 1854 3932 Romanam
1865 3879 1888 3918 a

260 3969 317 4028 loci
333 3968 429 4041 aliqua
443 3959 645 4020 calumniaret
660 3959 772 4015 crimen
784 3958 1069 4033 impingetur,liceat
1118 3965 1237 4023 dirersis
1250 3964 1353 4021 mundi
1367 3965 1498 4038 partibus
1521 3965 1705 4034 deferantur,
1736 3975 1844 4034 cumque
1864 3952 1889 4008 ad

262 4049 670 4118 eumaubduobusauttribus
681 4049 950 4122 episcopiscausam
959 4050 1067 4118 dicere,
1117 4057 1210 4112 mults
1221 4053 1434 4122 constituenda,
1454 4053 1513 4110 sive
1531 4053 1698 4111 ordinanda
1725 4050 1888 4108 conteramur.

262 4165 357 4224 neque
372 4145 564 4203 irreverenter
570 4139 632 4197 sine
639 4138 749 4212 judicio
759 4139 876 4195 illorum
886 4139 991 4196 debeat
999 4156 1067 4197 rno-
1117 4145 1194 4202 inter
1206 4142 1349 4200 nonnulla
1360 4142 1582 4216 presentiarum
1590 4142 1756 4217 accepimus
1768 4135 1829 4195 illud
1837 4147 1891 4206 quo·

261 4237 370 4298 lestari.
384 4234 556 4305 Sintitaqua
569 4227 643 4286 servi
656 4227 707 4285 Dei
721 4227 859 4283 111011achi
869 4227 1069 4286 ibidemhahi·
1118 4249 1174 4307 que
1189 4232 1226 4288 ad
1244 4235 1357 4288 nostras
1372 4247 1455 4287 aures
1476 4230 1623 4305 perrenit;
1639 4228 1831 4305 quodplebem
1841 4235 1890 4276 saa·

262 4331 366 4395 tentes,
376 4323 467 4400 quieti
478 4317 605 4378 abcrnui
615 4314 1070 4388 molestiacupidorum,etliceat
1117 4325 1171 4378 ctas
1183 4320 1277 4378 uarie
1292 4319 1369 4376 intra
1379 4318 1494 4377 civitate
1512 4336 1577 4393 quse
1592 4323 1712 4376 vocatur
1734 4319 1820 4386 iserge
1831 4310 1891 4382 jmte

260 4417 302 4474 aia
316 4413 436 4490 propria
447 4411 526 4468 bons
540 4407 706 4480 disponere,
721 4407 781 4461 Deo
795 4405 959 4474 terentesn
969 4410 1070 4464 nostra
1118 4414 1231 4470 ionum
1247 4410 1337 4467 sancti
1346 4409 1466 4466 Ioannis
1480 4409 1615 4481 baptiste
1629 4409 1730 4476 sium,
1748 4402 1841 4478 partim
1851 4412 1891 4452 m·

261 4493 928 4579 apostolicaauctoritateconflrmante,utuuila
938 4496 1107 4570 unquamD
1120 4501 1259 4576 tiquitatis
1271 4515 1340 4568 auae,
1366 4499 1472 4571 partim
1488 4498 1669 4572 negligentia
1684 4493 1802 4571 pastoris
1822 4485 1891 4544 mine

261 4607 398 4672 persona,
413 4588 609 4660 cujuscunque
627 4583 791 4656 dignitatis,
806 4583 918 4656 aliquid
933 4583 969 4640 dc
984 4587 1071 4666 reba,
1120 4595 1200 4664 lapsa
1215 4589 1370 4647 deiecerat.
1384 4586 1441 4642 Sed
1452 4591 1526 4642 nutu
1544 4586 1596 4642 [tei
1625 4587 1748 4660 ejusque
1774 4571 1892 4654 genitricis

261 4685 307 4742 vel
317 4675 546 4758 possessionibus
566 4690 630 4746 qua
659 4673 697 4729 ad
724 4689 772 4728 cos
787 4673 936 4745 pertinent
951 4691 1069 4752 quoquo
1120 4677 1426 4744 Landinolluscomes,
1451 4673 1526 4730 itlius
1544 4674 1658 4730 comitis
1684 4669 1808 4730 Landolti
1824 4657 1892 4720 firmi

261 4772 351 4832 modo
367 4769 481 4826 auterre
506 4765 551 4821 rel
567 4763 694 4820 alienare
706 4767 874 4837 prasumat.
890 4765 956 4822 llaec
970 4771 1068 4824 autem
1119 4787 1185 4828 cnm
1198 4769 1284 4825 bone
1294 4763 1445 4821 memoriae
1457 4763 1579 4820 Gemma
1593 4762 1719 4835 conjuge
1745 4775 1792 4816 sna
1813 4755 1842 4810 de
1857 4765 1892 4805 re·

260 4865 330 4921 sunt
342 4859 428 4916 ilscus
446 4853 620 4912 Lentiiiacus
640 4869 707 4908 rum
723 4851 841 4910 ecclesia
861 4854 891 4910 in
906 4855 1019 4912 bonore
1038 4857 1066 4914 S.
1118 4861 1171 4918 bns
1183 4855 1312 4930 propriis
1321 4869 1374 4926 pro
1386 4852 1589 4926 redemptione
1597 4853 1703 4910 enimse
1715 4864 1810 4908 eorum
1820 4845 1892 4918 ipsam

261 4951 356 5012 iterim
371 4951 401 5007 et
417 4945 533 5022 capellis
557 4944 587 5002 S.
611 4943 711 5000 Hilarii
721 4961 754 4999 ac
766 4943 795 5000 S.
807 4943 960 5015 Vincentii,
971 4949 1070 5004 elom·
1119 4947 1269 5020 antiquam
1283 4943 1400 5016 plebem
1425 4941 1462 4998 ad
1474 4943 1617 4998 bonorem
1642 4941 1671 4996 S.
1692 4939 1783 4997 liarie
1795 4927 1891 4991 reedifi-

262 5044 347 5103 nibus
362 5056 426 5116 ques
441 5039 472 5096 in
486 5040 580 5094 castro
606 5034 668 5091 sites
693 5039 770 5104 sunt,
788 5036 832 5090 vel
852 5035 994 5110 quidquid
1007 5055 1072 5096 arn·
1119 5035 1195 5094 cavit
1209 5037 1295 5105 atqua
1310 5029 1470 5088 renovavit.
1487 5031 1591 5086 Fuerat
1605 5029 1685 5086 enim
1706 5024 1841 5102 quondam
1859 5032 1891 5073 οῦ·

262 5135 337 5212 plius
347 5132 385 5189 ad
399 5130 496 5204 ipsum
511 5125 745 5200 pertinetltem,
760 5123 827 5179 villa
839 5140 903 5196 qure
913 5124 1070 5186 diciturbi.
1119 5127 1224 5198 cupata
1237 5119 1399 5195 pastoribus
1414 5118 1464 5192 qni
1474 5135 1533 5176 non
1544 5117 1597 5174 sibi
1607 5117 1788 5193 proiecerant
1797 5111 1828 5168 ad
1839 5121 1890 5175 aug·

262 5225 382 5282 striacus
394 5235 460 5276 cum
477 5214 596 5272 ecclesia
607 5213 636 5270 S.
651 5212 757 5270 tuliani
770 5213 915 5286 martyris,
932 5216 1069 5290 aliaque·
1118 5217 1263 5281 mentum,
1278 5211 1328 5266 sed
1341 5209 1430 5266 totius
1448 5207 1660 5264 imminutionis
1679 5205 1795 5264 dederet
1806 5209 1890 5273 oppro-

262 5331 318 5389 qua
329 5312 396 5369 ailla
407 5323 471 5382 quse
484 5303 590 5363 dicitur
601 5301 893 5358 Ulmiscumecclcsia
908 5301 937 5359 S.
949 5304 1069 5362 Vincen·
1117 5303 1224 5361 briam.
1241 5300 1313 5372 Ergo
1328 5297 1460 5372 quamvis
1482 5297 1614 5371 priorum
1639 5297 1758 5352 Petrum
1784 5283 1889 5358 exempli

262 5403 306 5472 tii,
320 5405 350 5460 et
364 5398 475 5471 capella
490 5411 554 5469 quae
576 5391 682 5449 dicitur
708 5390 863 5448 ldainiacus
888 5409 954 5449 curu
982 5395 1067 5451 terris
1117 5393 1285 5453 doceamur,
1301 5389 1332 5443 ut
1347 5386 1483 5443 omnibns
1498 5385 1621 5441 ecclesiis
1644 5401 1699 5459 per
1710 5385 1798 5440 totum
1810 5373 1889 5434 orben

263 5507 327 5570 quie
335 5490 372 5546 ad
383 5505 431 5544 aas
443 5485 604 5560 pertinent.
617 5479 760 5537 Possessio
779 5479 868 5536 etiarn
881 5498 946 5554 qure
963 5483 1068 5540 dicitur
1116 5485 1260 5537 terrarum
1274 5474 1384 5531 diffusis
1399 5473 1502 5530 Christi
1522 5490 1622 5530 amore
1645 5472 1695 5546 qui
1710 5489 1757 5528 eas
1770 5463 1846 5524 austri
1858 5459 1889 5515 ot·

263 5569 651 5655 capriniacus,eumeccnsin
661 5570 690 5626 S.
701 5567 815 5641 Georgii
824 5571 853 5625 et
863 5570 989 5643 capellis,
1001 5589 1066 5647 qum
1115 5567 1171 5624 licii
1184 5566 1299 5621 subesse
1313 5561 1403 5618 voluit
1417 5560 1578 5617 ministerio
1592 5558 1729 5634 prodesse
1749 5555 1887 5613 debeamus,

260 5671 402 5731 vocantur
413 5665 498 5738 vulgo
510 5663 539 5720 S.
554 5662 673 5718 Iielerus
688 5662 718 5716 et
740 5658 863 5734 Saroya,
894 5675 961 5716 cum
981 5659 1067 5716 terris
1114 5661 1216 5714 tamen
1232 5657 1262 5709 et
1274 5653 1336 5708 baec
1347 5667 1401 5706 nos
1415 5650 1453 5706 ad
1465 5649 1695 5706 subveniendum
1717 5647 1795 5718 cogat
1811 5651 1887 5696 neca·

262 5778 327 5837 que
340 5759 377 5815 ad
386 5751 606 5827 caspertiuent;
623 5751 689 5806 iitla
705 5765 820 5824 qnoque
837 5747 975 5805 rocabmo
991 5745 1066 5806 Cad-
1115 5745 1196 5803 sitas.
1226 5741 1409 5815 Quapropter
1440 5737 1563 5811 dignum
1588 5737 1709 5794 dicimus
1735 5747 1796 5790 eam
1813 5723 1888 5785 totli-

260 5846 358 5910 rsrnia
369 5859 438 5905 cum
448 5839 606 5902 Dmeuaco
620 5838 780 5900 eteoclesia
791 5837 903 5899 ibidem
916 5837 1067 5917 situlos·⁴
1115 5827 1711 5904 unnsmcteantnsiumiuuatonum
1722 5817 1886 5886 menton-
