<?xml version="1.0" encoding="UTF-8"?>
<!DOCTYPE html PUBLIC "-//W3C//DTD XHTML 1.0 Transitional//EN"
    "http://www.w3.org/TR/xhtml1/DTD/xhtml1-transitional.dtd">
<html xmlns="http://www.w3.org/1999/xhtml" xml:lang="en" lang="en">
 <head>
  <title>
</title>
<meta http-equiv="Content-Type" content="text/html;charset=utf-8" />
  <meta name='ocr-system' content='tesseract 3.04.00' />
  <meta name='ocr-capabilities' content='ocr_page ocr_carea ocr_par ocr_line ocrx_word'/>
</head>
<body>
  <div class='ocr_page' id='page_1' title='image "./patrologiaecurs96unkngoog_0065.png"; bbox 0 0 4006 6178; ppageno 0'>
   <div class='ocr_carea' id='block_1_1' title="bbox 133 531 169 586">
    <p class='ocr_par' dir='ltr' id='par_1_1' title="bbox 133 531 169 586">
     <span class='ocr_line' id='line_1_1' title="bbox 133 531 169 586; baseline 0 0"><span class='ocrx_word' id='word_1_1' title='bbox 133 531 169 586; x_wconf 80' lang='lat' dir='ltr'><strong>iii</strong></span> 
     </span>
    </p>
   </div>
   <div class='ocr_carea' id='block_1_2' title="bbox 798 505 1070 578">
    <p class='ocr_par' dir='ltr' id='par_1_2' title="bbox 798 505 1070 578">
     <span class='ocr_line' id='line_1_2' title="bbox 798 505 1070 578; baseline -0.018 -6"><span class='ocrx_word' id='word_1_2' title='bbox 798 509 843 572; x_wconf 82' lang='lat' dir='ltr'><strong>ilii</strong></span> <span class='ocrx_word' id='word_1_3' title='bbox 861 505 1070 578; x_wconf 61' lang='lat' dir='ltr'><strong>emilia.</strong></span> 
     </span>
    </p>
   </div>
   <div class='ocr_carea' id='block_1_3' title="bbox 1716 491 1766 551">
    <p class='ocr_par' dir='ltr' id='par_1_3' title="bbox 1716 491 1766 551">
     <span class='ocr_line' id='line_1_3' title="bbox 1716 491 1766 551; baseline 0.06 -3"><span class='ocrx_word' id='word_1_4' title='bbox 1716 491 1766 551; x_wconf 69' lang='grc'><strong>121</strong></span> 
     </span>
    </p>
   </div>
   <div class='ocr_carea' id='block_1_4' title="bbox 127 611 1768 720">
    <p class='ocr_par' dir='ltr' id='par_1_4' title="bbox 127 611 1768 720">
     <span class='ocr_line' id='line_1_4' title="bbox 127 611 1768 720; baseline -0.026 -6"><span class='ocrx_word' id='word_1_5' title='bbox 127 657 185 720; x_wconf 80' lang='lat' dir='ltr'><strong>solis</strong></span> <span class='ocrx_word' id='word_1_6' title='bbox 195 651 320 712; x_wconf 83' lang='lat' dir='ltr'><strong>umbram</strong></span> <span class='ocrx_word' id='word_1_7' title='bbox 334 646 520 709; x_wconf 74' lang='lat' dir='ltr'><strong>transversim</strong></span> <span class='ocrx_word' id='word_1_8' title='bbox 534 633 944 715; x_wconf 64' lang='lat' dir='ltr'><strong>limitaushypoteuusaeml</strong></span> <span class='ocrx_word' id='word_1_9' title='bbox 957 628 1089 702; x_wconf 84' lang='lat' dir='ltr'><strong>pertibus</strong></span> <span class='ocrx_word' id='word_1_10' title='bbox 1102 625 1233 700; x_wconf 86' lang='lat' dir='ltr'><strong>adjicias.</strong></span> <span class='ocrx_word' id='word_1_11' title='bbox 1256 613 1402 699; x_wconf 68' lang='lat' dir='ltr'><strong>Quidquid</strong></span> <span class='ocrx_word' id='word_1_12' title='bbox 1421 621 1520 680; x_wconf 88' lang='lat' dir='ltr'><strong>autem</strong></span> <span class='ocrx_word' id='word_1_13' title='bbox 1544 614 1574 676; x_wconf 92' lang='lat' dir='ltr'><strong>in</strong></span> <span class='ocrx_word' id='word_1_14' title='bbox 1597 611 1768 672; x_wconf 75' lang='lat' dir='ltr'><strong>umbraret</strong></span> 
     </span>
    </p>
   </div>
   <div class='ocr_carea' id='block_1_5' title="bbox 129 741 610 886">
    <p class='ocr_par' dir='ltr' id='par_1_5' title="bbox 129 741 610 886">
     <span class='ocr_line' id='line_1_5' title="bbox 129 741 493 817; baseline -0.03 -14"><span class='ocrx_word' id='word_1_15' title='bbox 129 763 180 803; x_wconf 87' lang='lat' dir='ltr'><strong>cem</strong></span> <span class='ocrx_word' id='word_1_16' title='bbox 191 742 361 817; x_wconf 73' lang='lat' dir='ltr'><strong>dignoscitur</strong></span> <span class='ocrx_word' id='word_1_17' title='bbox 374 741 493 797; x_wconf 79' lang='lat' dir='ltr'><strong>trabere.</strong></span> 
     </span>
     <span class='ocr_line' id='line_1_6' title="bbox 403 826 610 886; baseline -0.034 0"><span class='ocrx_word' id='word_1_18' title='bbox 403 827 516 886; x_wconf 75' lang='lat' dir='ltr'>CAPUT</span> <span class='ocrx_word' id='word_1_19' title='bbox 535 826 610 881; x_wconf 82' lang='lat' dir='ltr'><strong>iiiiii.</strong></span> 
     </span>
    </p>
   </div>
   <div class='ocr_carea' id='block_1_6' title="bbox 123 916 919 2687">
    <p class='ocr_par' dir='ltr' id='par_1_6' title="bbox 372 916 707 975">
     <span class='ocr_line' id='line_1_7' title="bbox 372 916 707 975; baseline -0.018 -2"><span class='ocrx_word' id='word_1_20' title='bbox 372 919 440 975; x_wconf 79' lang='lat' dir='ltr'><strong>ileos</strong></span> <span class='ocrx_word' id='word_1_21' title='bbox 453 917 485 974; x_wconf 86' lang='lat' dir='ltr'><strong>de</strong></span> <span class='ocrx_word' id='word_1_22' title='bbox 498 916 590 973; x_wconf 83' lang='lat' dir='ltr'><strong>eedem</strong></span> <span class='ocrx_word' id='word_1_23' title='bbox 602 929 641 972; x_wconf 84' lang='lat' dir='ltr'><strong>re.</strong></span> <span class='ocrx_word' id='word_1_24' title='bbox 706 941 707 946; x_wconf 20' lang='grc' dir='ltr'><strong>κ</strong></span> 
     </span>
    </p>

    <p class='ocr_par' dir='ltr' id='par_1_7' title="bbox 125 996 919 1887">
     <span class='ocr_line' id='line_1_8' title="bbox 158 996 912 1080; baseline -0.027 -10"><span class='ocrx_word' id='word_1_25' title='bbox 158 1014 183 1070; x_wconf 89' lang='lat' dir='ltr'><strong>Si</strong></span> <span class='ocrx_word' id='word_1_26' title='bbox 193 1013 230 1068; x_wconf 83' lang='lat' dir='ltr'><strong>vis</strong></span> <span class='ocrx_word' id='word_1_27' title='bbox 241 1007 367 1070; x_wconf 79' lang='lat' dir='ltr'><strong>inuenire</strong></span> <span class='ocrx_word' id='word_1_28' title='bbox 383 1005 474 1080; x_wconf 83' lang='lat' dir='ltr'><strong>qualis</strong></span> <span class='ocrx_word' id='word_1_29' title='bbox 481 1001 662 1078; x_wconf 79' lang='lat' dir='ltr'><strong>comparatio</strong></span> <span class='ocrx_word' id='word_1_30' title='bbox 673 1001 708 1056; x_wconf 85' lang='lat' dir='ltr'><strong>sit</strong></span> <span class='ocrx_word' id='word_1_31' title='bbox 718 996 838 1069; x_wconf 86' lang='lat' dir='ltr'><strong>alicujus</strong></span> <span class='ocrx_word' id='word_1_32' title='bbox 850 1012 912 1052; x_wconf 89' lang='lat' dir='ltr'><strong>um·</strong></span> 
     </span>
     <span class='ocr_line' id='line_1_9' title="bbox 131 1086 912 1172; baseline -0.024 -13"><span class='ocrx_word' id='word_1_33' title='bbox 131 1105 180 1160; x_wconf 82' lang='lat' dir='ltr'><strong>bre</strong></span> <span class='ocrx_word' id='word_1_34' title='bbox 192 1117 253 1157; x_wconf 93' lang='lat' dir='ltr'><strong>cum</strong></span> <span class='ocrx_word' id='word_1_35' title='bbox 268 1098 365 1172; x_wconf 87' lang='lat' dir='ltr'><strong>aliquo</strong></span> <span class='ocrx_word' id='word_1_36' title='bbox 382 1110 503 1166; x_wconf 90' lang='lat' dir='ltr'><strong>corpore</strong></span> <span class='ocrx_word' id='word_1_37' title='bbox 517 1093 546 1149; x_wconf 88' lang='lat' dir='ltr'><strong>io</strong></span> <span class='ocrx_word' id='word_1_38' title='bbox 562 1104 734 1164; x_wconf 84' lang='lat' dir='ltr'><strong>quacunque</strong></span> <span class='ocrx_word' id='word_1_39' title='bbox 754 1086 812 1143; x_wconf 94' lang='lat' dir='ltr'><strong>diei</strong></span> <span class='ocrx_word' id='word_1_40' title='bbox 830 1086 912 1152; x_wconf 88' lang='lat' dir='ltr'><strong>hora,</strong></span> 
     </span>
     <span class='ocr_line' id='line_1_10' title="bbox 131 1169 915 1259; baseline -0.031 -9"><span class='ocrx_word' id='word_1_41' title='bbox 131 1195 245 1250; x_wconf 76' lang='lat' dir='ltr'><strong>sumatur</strong></span> <span class='ocrx_word' id='word_1_42' title='bbox 258 1187 442 1259; x_wconf 70' lang='lat' dir='ltr'><strong>astrolapsus,</strong></span> <span class='ocrx_word' id='word_1_43' title='bbox 456 1186 496 1251; x_wconf 89' lang='lat' dir='ltr'><strong>ei,</strong></span> <span class='ocrx_word' id='word_1_44' title='bbox 511 1181 593 1238; x_wconf 88' lang='lat' dir='ltr'><strong>radio</strong></span> <span class='ocrx_word' id='word_1_45' title='bbox 607 1177 674 1235; x_wconf 88' lang='lat' dir='ltr'><strong>solis</strong></span> <span class='ocrx_word' id='word_1_46' title='bbox 691 1193 743 1250; x_wconf 88' lang='lat' dir='ltr'><strong>per</strong></span> <span class='ocrx_word' id='word_1_47' title='bbox 759 1169 915 1231; x_wconf 75' lang='lat' dir='ltr'><strong>mediclinii</strong></span> 
     </span>
     <span class='ocr_line' id='line_1_11' title="bbox 128 1261 916 1345; baseline -0.028 -8"><span class='ocrx_word' id='word_1_48' title='bbox 128 1277 258 1337; x_wconf 79' lang='lat' dir='ltr'><strong>foramina</strong></span> <span class='ocrx_word' id='word_1_49' title='bbox 272 1277 406 1340; x_wconf 84' lang='lat' dir='ltr'><strong>exeunte,</strong></span> <span class='ocrx_word' id='word_1_50' title='bbox 427 1269 580 1345; x_wconf 80' lang='lat' dir='ltr'><strong>aspiciatur</strong></span> <span class='ocrx_word' id='word_1_51' title='bbox 600 1267 631 1322; x_wconf 93' lang='lat' dir='ltr'><strong>in</strong></span> <span class='ocrx_word' id='word_1_52' title='bbox 655 1264 797 1339; x_wconf 87' lang='lat' dir='ltr'><strong>quadrato</strong></span> <span class='ocrx_word' id='word_1_53' title='bbox 816 1261 846 1317; x_wconf 95' lang='lat' dir='ltr'><strong>in</strong></span> <span class='ocrx_word' id='word_1_54' title='bbox 859 1276 916 1333; x_wconf 89' lang='lat' dir='ltr'><strong>quo</strong></span> 
     </span>
     <span class='ocr_line' id='line_1_12' title="bbox 127 1348 919 1444; baseline -0.027 -20"><span class='ocrx_word' id='word_1_55' title='bbox 127 1368 209 1444; x_wconf 87' lang='lat' dir='ltr'><strong>gradu</strong></span> <span class='ocrx_word' id='word_1_56' title='bbox 229 1361 428 1421; x_wconf 86' lang='lat' dir='ltr'><strong>mediclinium</strong></span> <span class='ocrx_word' id='word_1_57' title='bbox 450 1362 523 1426; x_wconf 88' lang='lat' dir='ltr'><strong>stet;</strong></span> <span class='ocrx_word' id='word_1_58' title='bbox 542 1361 581 1426; x_wconf 88' lang='lat' dir='ltr'><strong>et,</strong></span> <span class='ocrx_word' id='word_1_59' title='bbox 608 1354 700 1429; x_wconf 88' lang='lat' dir='ltr'><strong>qualis</strong></span> <span class='ocrx_word' id='word_1_60' title='bbox 714 1350 829 1409; x_wconf 88' lang='lat' dir='ltr'><strong>collatio</strong></span> <span class='ocrx_word' id='word_1_61' title='bbox 843 1348 919 1406; x_wconf 89' lang='lat' dir='ltr'><strong>iliius</strong></span> 
     </span>
     <span class='ocr_line' id='line_1_13' title="bbox 128 1438 918 1531; baseline -0.025 -18"><span class='ocrx_word' id='word_1_62' title='bbox 128 1458 219 1531; x_wconf 86' lang='lat' dir='ltr'><strong>gradus</strong></span> <span class='ocrx_word' id='word_1_63' title='bbox 238 1469 306 1510; x_wconf 91' lang='lat' dir='ltr'><strong>cum</strong></span> <span class='ocrx_word' id='word_1_64' title='bbox 328 1455 371 1520; x_wconf 77' lang='lat' dir='ltr'><strong>tt,</strong></span> <span class='ocrx_word' id='word_1_65' title='bbox 389 1448 454 1506; x_wconf 89' lang='lat' dir='ltr'><strong>talis</strong></span> <span class='ocrx_word' id='word_1_66' title='bbox 468 1447 579 1504; x_wconf 79' lang='lat' dir='ltr'><strong>umbrae</strong></span> <span class='ocrx_word' id='word_1_67' title='bbox 602 1461 669 1500; x_wconf 88' lang='lat' dir='ltr'><strong>cum</strong></span> <span class='ocrx_word' id='word_1_68' title='bbox 694 1456 836 1515; x_wconf 85' lang='lat' dir='ltr'><strong>corpore;</strong></span> <span class='ocrx_word' id='word_1_69' title='bbox 863 1438 918 1494; x_wconf 89' lang='lat' dir='ltr'><strong>hoo</strong></span> 
     </span>
     <span class='ocr_line' id='line_1_14' title="bbox 129 1525 917 1615; baseline -0.027 -13"><span class='ocrx_word' id='word_1_70' title='bbox 129 1549 226 1602; x_wconf 87' lang='lat' dir='ltr'><strong>lautum</strong></span> <span class='ocrx_word' id='word_1_71' title='bbox 240 1540 356 1615; x_wconf 84' lang='lat' dir='ltr'><strong>proviso</strong></span> <span class='ocrx_word' id='word_1_72' title='bbox 371 1537 460 1612; x_wconf 88' lang='lat' dir='ltr'><strong>quod,</strong></span> <span class='ocrx_word' id='word_1_73' title='bbox 476 1534 594 1608; x_wconf 87' lang='lat' dir='ltr'><strong>quando</strong></span> <span class='ocrx_word' id='word_1_74' title='bbox 609 1529 806 1591; x_wconf 83' lang='lat' dir='ltr'><strong>mediclinium</strong></span> <span class='ocrx_word' id='word_1_75' title='bbox 821 1529 876 1583; x_wconf 91' lang='lat' dir='ltr'><strong>stet</strong></span> <span class='ocrx_word' id='word_1_76' title='bbox 887 1525 917 1582; x_wconf 92' lang='lat' dir='ltr'><strong>in</strong></span> 
     </span>
     <span class='ocr_line' id='line_1_15' title="bbox 129 1621 919 1697; baseline -0.024 -7"><span class='ocrx_word' id='word_1_77' title='bbox 129 1636 214 1691; x_wconf 85' lang='lat' dir='ltr'><strong>dasiro</strong></span> <span class='ocrx_word' id='word_1_78' title='bbox 223 1633 315 1688; x_wconf 85' lang='lat' dir='ltr'><strong>latere</strong></span> <span class='ocrx_word' id='word_1_79' title='bbox 325 1627 462 1696; x_wconf 85' lang='lat' dir='ltr'><strong>climatis,</strong></span> <span class='ocrx_word' id='word_1_80' title='bbox 477 1640 573 1697; x_wconf 70' lang='lat' dir='ltr'><strong>major</strong></span> <span class='ocrx_word' id='word_1_81' title='bbox 582 1624 627 1678; x_wconf 90' lang='lat' dir='ltr'><strong>est</strong></span> <span class='ocrx_word' id='word_1_82' title='bbox 640 1621 745 1678; x_wconf 85' lang='lat' dir='ltr'><strong>umbre</strong></span> <span class='ocrx_word' id='word_1_83' title='bbox 754 1633 842 1693; x_wconf 90' lang='lat' dir='ltr'><strong>quam</strong></span> <span class='ocrx_word' id='word_1_84' title='bbox 854 1633 919 1674; x_wconf 89' lang='lat' dir='ltr'><strong>cer·</strong></span> 
     </span>
     <span class='ocr_line' id='line_1_16' title="bbox 125 1709 919 1796; baseline -0.023 -18"><span class='ocrx_word' id='word_1_85' title='bbox 125 1739 181 1796; x_wconf 87' lang='lat' dir='ltr'><strong>pus;</strong></span> <span class='ocrx_word' id='word_1_86' title='bbox 209 1719 413 1794; x_wconf 80' lang='lat' dir='ltr'><strong>quandovero</strong></span> <span class='ocrx_word' id='word_1_87' title='bbox 437 1715 466 1771; x_wconf 94' lang='lat' dir='ltr'><strong>in</strong></span> <span class='ocrx_word' id='word_1_88' title='bbox 487 1713 615 1776; x_wconf 89' lang='lat' dir='ltr'><strong>sinistro,</strong></span> <span class='ocrx_word' id='word_1_89' title='bbox 638 1709 733 1782; x_wconf 75' lang='lat' dir='ltr'><strong>maius</strong></span> <span class='ocrx_word' id='word_1_90' title='bbox 750 1712 794 1764; x_wconf 87' lang='lat' dir='ltr'><strong>est</strong></span> <span class='ocrx_word' id='word_1_91' title='bbox 814 1721 919 1779; x_wconf 89' lang='lat' dir='ltr'><strong>corpus</strong></span> 
     </span>
     <span class='ocr_line' id='line_1_17' title="bbox 128 1807 334 1887; baseline -0.039 -17"><span class='ocrx_word' id='word_1_92' title='bbox 128 1827 200 1887; x_wconf 83' lang='lat' dir='ltr'><strong>quam</strong></span> <span class='ocrx_word' id='word_1_93' title='bbox 217 1807 334 1866; x_wconf 85' lang='lat' dir='ltr'><strong>umbra.</strong></span> 
     </span>
    </p>

    <p class='ocr_par' dir='ltr' id='par_1_8' title="bbox 405 1889 631 1956">
     <span class='ocr_line' id='line_1_18' title="bbox 405 1889 631 1956; baseline -0.049 0"><span class='ocrx_word' id='word_1_94' title='bbox 405 1892 519 1956; x_wconf 54' lang='lat' dir='ltr'><strong>cutam</strong></span> <span class='ocrx_word' id='word_1_95' title='bbox 538 1889 631 1948; x_wconf 85' lang='lat' dir='ltr'><strong>ltiilil.</strong></span> 
     </span>
    </p>

    <p class='ocr_par' dir='ltr' id='par_1_9' title="bbox 154 1973 880 2055">
     <span class='ocr_line' id='line_1_19' title="bbox 154 1973 880 2055; baseline -0.025 -8"><span class='ocrx_word' id='word_1_96' title='bbox 154 1991 196 2047; x_wconf 73' lang='lat' dir='ltr'><strong>rid</strong></span> <span class='ocrx_word' id='word_1_97' title='bbox 204 1987 383 2047; x_wconf 74' lang='lat' dir='ltr'><strong>essedum</strong></span> <span class='ocrx_word' id='word_1_98' title='bbox 393 1998 455 2042; x_wconf 78' lang='lat' dir='ltr'><strong>mm</strong></span> <span class='ocrx_word' id='word_1_99' title='bbox 463 1980 566 2055; x_wconf 76' lang='lat' dir='ltr'><strong>speculo</strong></span> <span class='ocrx_word' id='word_1_100' title='bbox 576 1979 619 2036; x_wconf 85' lang='lat' dir='ltr'><strong>oet</strong></span> <span class='ocrx_word' id='word_1_101' title='bbox 627 1975 704 2054; x_wconf 82' lang='lat' dir='ltr'><strong>pelei</strong></span> <span class='ocrx_word' id='word_1_102' title='bbox 711 1973 880 2032; x_wconf 79' lang='lat' dir='ltr'><strong>metiendum.</strong></span> 
     </span>
    </p>

    <p class='ocr_par' dir='ltr' id='par_1_10' title="bbox 123 2061 917 2687">
     <span class='ocr_line' id='line_1_20' title="bbox 156 2061 917 2148; baseline -0.026 -12"><span class='ocrx_word' id='word_1_103' title='bbox 156 2077 239 2136; x_wconf 81' lang='lat' dir='ltr'><strong>Posito</strong></span> <span class='ocrx_word' id='word_1_104' title='bbox 259 2075 295 2132; x_wconf 89' lang='lat' dir='ltr'><strong>in</strong></span> <span class='ocrx_word' id='word_1_105' title='bbox 315 2073 431 2148; x_wconf 87' lang='lat' dir='ltr'><strong>speculo</strong></span> <span class='ocrx_word' id='word_1_106' title='bbox 454 2073 565 2138; x_wconf 84' lang='lat' dir='ltr'><strong>centro,</strong></span> <span class='ocrx_word' id='word_1_107' title='bbox 587 2068 632 2124; x_wconf 81' lang='lat' dir='ltr'><strong>ael</strong></span> <span class='ocrx_word' id='word_1_108' title='bbox 647 2065 676 2123; x_wconf 89' lang='lat' dir='ltr'><strong>in</strong></span> <span class='ocrx_word' id='word_1_109' title='bbox 688 2063 786 2121; x_wconf 87' lang='lat' dir='ltr'><strong>media</strong></span> <span class='ocrx_word' id='word_1_110' title='bbox 800 2061 917 2118; x_wconf 90' lang='lat' dir='ltr'><strong>scutella</strong></span> 
     </span>
     <span class='ocr_line' id='line_1_21' title="bbox 126 2151 917 2242; baseline -0.023 -18"><span class='ocrx_word' id='word_1_111' title='bbox 126 2169 197 2242; x_wconf 86' lang='lat' dir='ltr'><strong>piena</strong></span> <span class='ocrx_word' id='word_1_112' title='bbox 209 2182 297 2240; x_wconf 81' lang='lat' dir='ltr'><strong>equa,</strong></span> <span class='ocrx_word' id='word_1_113' title='bbox 312 2162 507 2220; x_wconf 87' lang='lat' dir='ltr'><strong>constituatur</strong></span> <span class='ocrx_word' id='word_1_114' title='bbox 518 2157 548 2215; x_wconf 89' lang='lat' dir='ltr'><strong>in</strong></span> <span class='ocrx_word' id='word_1_115' title='bbox 557 2158 644 2231; x_wconf 88' lang='lat' dir='ltr'><strong>piano</strong></span> <span class='ocrx_word' id='word_1_116' title='bbox 654 2171 733 2222; x_wconf 81' lang='lat' dir='ltr'><strong>arvo,</strong></span> <span class='ocrx_word' id='word_1_117' title='bbox 744 2155 774 2209; x_wconf 92' lang='lat' dir='ltr'><strong>et</strong></span> <span class='ocrx_word' id='word_1_118' title='bbox 788 2151 888 2208; x_wconf 90' lang='lat' dir='ltr'><strong>tandiu</strong></span> <span class='ocrx_word' id='word_1_119' title='bbox 898 2167 917 2206; x_wconf 88' lang='lat' dir='ltr'><strong>a</strong></span> 
     </span>
     <span class='ocr_line' id='line_1_22' title="bbox 126 2241 913 2330; baseline -0.024 -16"><span class='ocrx_word' id='word_1_120' title='bbox 126 2259 257 2330; x_wconf 84' lang='lat' dir='ltr'><strong>geometra</strong></span> <span class='ocrx_word' id='word_1_121' title='bbox 270 2255 330 2310; x_wconf 89' lang='lat' dir='ltr'><strong>huc</strong></span> <span class='ocrx_word' id='word_1_122' title='bbox 338 2251 462 2322; x_wconf 84' lang='lat' dir='ltr'><strong>illucque</strong></span> <span class='ocrx_word' id='word_1_123' title='bbox 472 2248 613 2314; x_wconf 84' lang='lat' dir='ltr'><strong>trahatur,</strong></span> <span class='ocrx_word' id='word_1_124' title='bbox 623 2246 714 2302; x_wconf 86' lang='lat' dir='ltr'><strong>donee</strong></span> <span class='ocrx_word' id='word_1_125' title='bbox 724 2258 776 2316; x_wconf 89' lang='lat' dir='ltr'><strong>per</strong></span> <span class='ocrx_word' id='word_1_126' title='bbox 784 2241 913 2298; x_wconf 91' lang='lat' dir='ltr'><strong>medium</strong></span> 
     </span>
     <span class='ocr_line' id='line_1_23' title="bbox 127 2329 913 2412; baseline -0.024 -9"><span class='ocrx_word' id='word_1_127' title='bbox 127 2349 243 2402; x_wconf 76' lang='lat' dir='ltr'><strong>metrum</strong></span> <span class='ocrx_word' id='word_1_128' title='bbox 258 2342 346 2400; x_wconf 90' lang='lat' dir='ltr'><strong>unius</strong></span> <span class='ocrx_word' id='word_1_129' title='bbox 365 2337 606 2412; x_wconf 86' lang='lat' dir='ltr'><strong>supradictorum</strong></span> <span class='ocrx_word' id='word_1_130' title='bbox 629 2348 768 2390; x_wconf 75' lang='lat' dir='ltr'><strong>cacumen</strong></span> <span class='ocrx_word' id='word_1_131' title='bbox 791 2329 834 2386; x_wconf 89' lang='lat' dir='ltr'><strong>rei</strong></span> <span class='ocrx_word' id='word_1_132' title='bbox 851 2344 913 2386; x_wconf 88' lang='lat' dir='ltr'><strong>me·</strong></span> 
     </span>
     <span class='ocr_line' id='line_1_24' title="bbox 124 2417 914 2507; baseline -0.023 -16"><span class='ocrx_word' id='word_1_133' title='bbox 124 2434 214 2490; x_wconf 77' lang='lat' dir='ltr'><strong>tende</strong></span> <span class='ocrx_word' id='word_1_134' title='bbox 224 2417 914 2507; x_wconf 81' lang='lat' dir='ltr'><strong>aspicietur.Cacumineinventn,spatium,quod</strong></span> 
     </span>
     <span class='ocr_line' id='line_1_25' title="bbox 123 2510 911 2590; baseline -0.023 -10"><span class='ocrx_word' id='word_1_135' title='bbox 123 2523 271 2579; x_wconf 86' lang='lat' dir='ltr'><strong>continetur</strong></span> <span class='ocrx_word' id='word_1_136' title='bbox 297 2520 375 2576; x_wconf 85' lang='lat' dir='ltr'><strong>inter</strong></span> <span class='ocrx_word' id='word_1_137' title='bbox 393 2516 482 2590; x_wconf 86' lang='lat' dir='ltr'><strong>pedes</strong></span> <span class='ocrx_word' id='word_1_138' title='bbox 502 2510 696 2570; x_wconf 75' lang='lat' dir='ltr'><strong>mensurantis</strong></span> <span class='ocrx_word' id='word_1_139' title='bbox 714 2512 743 2566; x_wconf 90' lang='lat' dir='ltr'><strong>ei</strong></span> <span class='ocrx_word' id='word_1_140' title='bbox 777 2510 911 2565; x_wconf 86' lang='lat' dir='ltr'><strong>centrum</strong></span> 
     </span>
     <span class='ocr_line' id='line_1_26' title="bbox 123 2597 913 2687; baseline -0.023 -18"><span class='ocrx_word' id='word_1_141' title='bbox 123 2612 224 2687; x_wconf 84' lang='lat' dir='ltr'><strong>speculi,</strong></span> <span class='ocrx_word' id='word_1_142' title='bbox 238 2611 282 2666; x_wconf 82' lang='lat' dir='ltr'><strong>vei</strong></span> <span class='ocrx_word' id='word_1_143' title='bbox 292 2607 426 2666; x_wconf 89' lang='lat' dir='ltr'><strong>medium</strong></span> <span class='ocrx_word' id='word_1_144' title='bbox 439 2605 511 2661; x_wconf 84' lang='lat' dir='ltr'><strong>vasis</strong></span> <span class='ocrx_word' id='word_1_145' title='bbox 523 2603 640 2675; x_wconf 81' lang='lat' dir='ltr'><strong>iimphae</strong></span> <span class='ocrx_word' id='word_1_146' title='bbox 654 2600 743 2674; x_wconf 87' lang='lat' dir='ltr'><strong>pleni,</strong></span> <span class='ocrx_word' id='word_1_147' title='bbox 760 2597 913 2670; x_wconf 77' lang='lat' dir='ltr'><strong>diiigenter</strong></span> 
     </span>
    </p>
   </div>
   <div class='ocr_carea' id='block_1_7' title="bbox 122 2689 985 3038">
    <p class='ocr_par' dir='ltr' id='par_1_11' title="bbox 122 2689 985 3038">
     <span class='ocr_line' id='line_1_27' title="bbox 122 2689 985 2771; baseline -0.023 -13"><span class='ocrx_word' id='word_1_148' title='bbox 122 2703 301 2763; x_wconf 78' lang='lat' dir='ltr'><strong>mensuretur,</strong></span> <span class='ocrx_word' id='word_1_149' title='bbox 319 2697 427 2771; x_wconf 88' lang='lat' dir='ltr'><strong>etpost</strong></span> <span class='ocrx_word' id='word_1_150' title='bbox 440 2696 571 2751; x_wconf 79' lang='lat' dir='ltr'><strong>hernon</strong></span> <span class='ocrx_word' id='word_1_151' title='bbox 588 2691 684 2747; x_wconf 89' lang='lat' dir='ltr'><strong>minus</strong></span> <span class='ocrx_word' id='word_1_152' title='bbox 698 2690 781 2745; x_wconf 84' lang='lat' dir='ltr'><strong>caule</strong></span> <span class='ocrx_word' id='word_1_153' title='bbox 795 2689 911 2743; x_wconf 85' lang='lat' dir='ltr'><strong>staturre</strong></span> <span class='ocrx_word' id='word_1_154' title='bbox 980 2738 985 2751; x_wconf 79' lang='grc'>,</span> 
     </span>
     <span class='ocr_line' id='line_1_28' title="bbox 123 2773 911 2862; baseline -0.02 -16"><span class='ocrx_word' id='word_1_155' title='bbox 123 2789 254 2847; x_wconf 88' lang='lat' dir='ltr'><strong>metientis</strong></span> <span class='ocrx_word' id='word_1_156' title='bbox 263 2787 470 2862; x_wconf 63' lang='lat' dir='ltr'><strong>comparatum</strong></span> <span class='ocrx_word' id='word_1_157' title='bbox 492 2784 531 2850; x_wconf 89' lang='lat' dir='ltr'><strong>et,</strong></span> <span class='ocrx_word' id='word_1_158' title='bbox 550 2784 581 2836; x_wconf 92' lang='lat' dir='ltr'><strong>ut</strong></span> <span class='ocrx_word' id='word_1_159' title='bbox 603 2779 691 2836; x_wconf 87' lang='lat' dir='ltr'><strong>inerit</strong></span> <span class='ocrx_word' id='word_1_160' title='bbox 701 2776 772 2834; x_wconf 91' lang='lat' dir='ltr'><strong>iliud</strong></span> <span class='ocrx_word' id='word_1_161' title='bbox 786 2773 911 2849; x_wconf 79' lang='lat' dir='ltr'><strong>spetiem</strong></span> 
     </span>
     <span class='ocr_line' id='line_1_29' title="bbox 123 2866 913 2941; baseline -0.027 -5"><span class='ocrx_word' id='word_1_162' title='bbox 123 2877 393 2941; x_wconf 80' lang='lat' dir='ltr'><strong>melientisststursr,</strong></span> <span class='ocrx_word' id='word_1_163' title='bbox 404 2871 508 2928; x_wconf 80' lang='lat' dir='ltr'><strong>sicarii</strong></span> <span class='ocrx_word' id='word_1_164' title='bbox 517 2869 594 2925; x_wconf 90' lang='lat' dir='ltr'><strong>linea</strong></span> <span class='ocrx_word' id='word_1_165' title='bbox 604 2884 623 2923; x_wconf 88' lang='lat' dir='ltr'><strong>a</strong></span> <span class='ocrx_word' id='word_1_166' title='bbox 632 2866 728 2922; x_wconf 91' lang='lat' dir='ltr'><strong>medio</strong></span> <span class='ocrx_word' id='word_1_167' title='bbox 743 2867 913 2936; x_wconf 86' lang='lat' dir='ltr'><strong>centrospe·</strong></span> 
     </span>
     <span class='ocr_line' id='line_1_30' title="bbox 123 2950 910 3038; baseline -0.019 -18"><span class='ocrx_word' id='word_1_168' title='bbox 123 2967 168 3021; x_wconf 89' lang='lat' dir='ltr'><strong>cuii</strong></span> <span class='ocrx_word' id='word_1_169' title='bbox 182 2982 267 3038; x_wconf 84' lang='lat' dir='ltr'><strong>nsque</strong></span> <span class='ocrx_word' id='word_1_170' title='bbox 293 2962 334 3020; x_wconf 84' lang='lat' dir='ltr'><strong>ad</strong></span> <span class='ocrx_word' id='word_1_171' title='bbox 354 2958 514 3018; x_wconf 71' lang='lat' dir='ltr'><strong>altitudinis</strong></span> <span class='ocrx_word' id='word_1_172' title='bbox 531 2954 659 3012; x_wconf 84' lang='lat' dir='ltr'><strong>radicem</strong></span> <span class='ocrx_word' id='word_1_173' title='bbox 684 2953 727 3010; x_wconf 89' lang='lat' dir='ltr'><strong>rei</strong></span> <span class='ocrx_word' id='word_1_174' title='bbox 745 2950 910 3010; x_wconf 79' lang='lat' dir='ltr'><strong>metiendae.</strong></span> 
     </span>
    </p>
   </div>
   <div class='ocr_carea' id='block_1_8' title="bbox 123 3043 713 3130">
    <p class='ocr_par' dir='ltr' id='par_1_12' title="bbox 123 3043 713 3130">
     <span class='ocr_line' id='line_1_31' title="bbox 123 3043 713 3130; baseline -0.027 -17"><span class='ocrx_word' id='word_1_175' title='bbox 123 3053 235 3130; x_wconf 75' lang='lat' dir='ltr'><strong>Exempli</strong></span> <span class='ocrx_word' id='word_1_176' title='bbox 249 3069 349 3120; x_wconf 85' lang='lat' dir='ltr'><strong>causa,</strong></span> <span class='ocrx_word' id='word_1_177' title='bbox 365 3048 489 3106; x_wconf 88' lang='lat' dir='ltr'><strong>addatur</strong></span> <span class='ocrx_word' id='word_1_178' title='bbox 503 3047 589 3120; x_wconf 86' lang='lat' dir='ltr'><strong>plana</strong></span> <span class='ocrx_word' id='word_1_179' title='bbox 605 3043 713 3115; x_wconf 85' lang='lat' dir='ltr'><strong>ligura:</strong></span> 
     </span>
    </p>
   </div>
   <div class='ocr_carea' id='block_1_9' title="bbox 932 1800 958 1862">
    <p class='ocr_par' dir='ltr' id='par_1_13' title="bbox 932 1800 958 1862">
     <span class='ocr_line' id='line_1_32' title="bbox 932 1800 958 1862; baseline 0 0"><span class='ocrx_word' id='word_1_180' title='bbox 932 1800 958 1862; x_wconf 80' lang='lat' dir='ltr'><strong>n</strong></span> 
     </span>
    </p>
   </div>
   <div class='ocr_carea' id='block_1_10' title="bbox 957 697 1769 864">
    <p class='ocr_par' dir='ltr' id='par_1_14' title="bbox 957 697 1769 864">
     <span class='ocr_line' id='line_1_33' title="bbox 957 697 1769 784; baseline -0.016 -18"><span class='ocrx_word' id='word_1_181' title='bbox 957 707 1200 784; x_wconf 71' lang='lat' dir='ltr'><strong>augmentatione</strong></span> <span class='ocrx_word' id='word_1_182' title='bbox 1215 706 1346 774; x_wconf 78' lang='lat' dir='ltr'><strong>mouerit,</strong></span> <span class='ocrx_word' id='word_1_183' title='bbox 1360 704 1404 762; x_wconf 85' lang='lat' dir='ltr'><strong>vel</strong></span> <span class='ocrx_word' id='word_1_184' title='bbox 1415 697 1611 760; x_wconf 79' lang='lat' dir='ltr'><strong>subtractione</strong></span> <span class='ocrx_word' id='word_1_185' title='bbox 1623 711 1769 756; x_wconf 76' lang='lat' dir='ltr'><strong>mmanue-</strong></span> 
     </span>
     <span class='ocr_line' id='line_1_34' title="bbox 960 781 1508 864; baseline -0.018 -18"><span class='ocrx_word' id='word_1_186' title='bbox 960 790 1007 860; x_wconf 86' lang='lat' dir='ltr'><strong>rit,</strong></span> <span class='ocrx_word' id='word_1_187' title='bbox 1023 805 1077 864; x_wconf 89' lang='lat' dir='ltr'><strong>pro</strong></span> <span class='ocrx_word' id='word_1_188' title='bbox 1087 805 1228 848; x_wconf 87' lang='lat' dir='ltr'><strong>mensure</strong></span> <span class='ocrx_word' id='word_1_189' title='bbox 1245 786 1319 844; x_wconf 90' lang='lat' dir='ltr'><strong>iilius</strong></span> <span class='ocrx_word' id='word_1_190' title='bbox 1334 783 1376 844; x_wconf 91' lang='lat' dir='ltr'><strong>rei</strong></span> <span class='ocrx_word' id='word_1_191' title='bbox 1391 781 1508 840; x_wconf 81' lang='lat' dir='ltr'><strong>habeto.</strong></span> 
     </span>
    </p>
   </div>
   <div class='ocr_carea' id='block_1_11' title="bbox 1066 1522 1332 1797">
    <p class='ocr_par' dir='ltr' id='par_1_15' title="bbox 1066 1522 1332 1797">
     <span class='ocr_line' id='line_1_35' title="bbox 1066 1522 1103 1682; textangle 90"><span class='ocrx_word' id='word_1_192' title='bbox 1066 1522 1103 1682; x_wconf 72' lang='lat' dir='ltr'><strong>virga.</strong></span> 
     </span>
     <span class='ocr_line' id='line_1_36' title="bbox 1299 1573 1332 1797; textangle 90"><span class='ocrx_word' id='word_1_193' title='bbox 1299 1675 1332 1797; x_wconf 69' lang='lat' dir='ltr'><strong>“e-tq</strong></span> <span class='ocrx_word' id='word_1_194' title='bbox 1303 1612 1323 1670; x_wconf 78' lang='lat' dir='ltr'><strong>m</strong></span> <span class='ocrx_word' id='word_1_195' title='bbox 1305 1573 1324 1606; x_wconf 86' lang='lat' dir='ltr'>n</span> 
     </span>
    </p>
   </div>
   <div class='ocr_carea' id='block_1_12' title="bbox 1378 1307 1411 2220">
    <p class='ocr_par' dir='ltr' id='par_1_16' title="bbox 1378 1307 1411 2220">
     <span class='ocr_line' id='line_1_37' title="bbox 1378 1307 1411 2220; textangle 90"><span class='ocrx_word' id='word_1_196' title='bbox 1378 1981 1407 2220; x_wconf 73' lang='lat' dir='ltr'><strong>altitudo</strong></span> <span class='ocrx_word' id='word_1_197' title='bbox 1378 1890 1408 1950; x_wconf 77' lang='lat' dir='ltr'><strong>in</strong></span> <span class='ocrx_word' id='word_1_198' title='bbox 1381 1656 1410 1864; x_wconf 67' lang='lat' dir='ltr'><strong>umbra</strong></span> <span class='ocrx_word' id='word_1_199' title='bbox 1383 1307 1411 1626; x_wconf 72' lang='lat' dir='ltr'><strong>metienda-</strong></span> 
     </span>
    </p>
   </div>
   <div class='ocr_carea' id='block_1_13' title="bbox 1335 2151 1361 2286">
    <p class='ocr_par' dir='ltr' id='par_1_17' title="bbox 1335 2151 1361 2286">
     <span class='ocr_line' id='line_1_38' title="bbox 1335 2151 1361 2286; textangle 90"><span class='ocrx_word' id='word_1_200' title='bbox 1335 2151 1361 2286; x_wconf 57' lang='lat' dir='ltr'><em>l</em></span> 
     </span>
    </p>
   </div>
   <div class='ocr_carea' id='block_1_14' title="bbox 962 2375 1770 2902">
    <p class='ocr_par' dir='ltr' id='par_1_18' title="bbox 962 2375 1770 2902">
     <span class='ocr_line' id='line_1_39' title="bbox 1000 2375 1766 2458; baseline -0.012 -18"><span class='ocrx_word' id='word_1_201' title='bbox 1000 2383 1284 2458; x_wconf 77' lang='lat' dir='ltr'><strong>componituretiem</strong></span> <span class='ocrx_word' id='word_1_202' title='bbox 1297 2385 1376 2444; x_wconf 89' lang='lat' dir='ltr'><strong>eliud</strong></span> <span class='ocrx_word' id='word_1_203' title='bbox 1388 2377 1661 2440; x_wconf 86' lang='lat' dir='ltr'><strong>instrumentumad</strong></span> <span class='ocrx_word' id='word_1_204' title='bbox 1671 2375 1766 2438; x_wconf 84' lang='lat' dir='ltr'><strong>aititu-</strong></span> 
     </span>
     <span class='ocr_line' id='line_1_40' title="bbox 964 2464 1768 2542; baseline -0.011 -13"><span class='ocrx_word' id='word_1_205' title='bbox 964 2473 1063 2530; x_wconf 90' lang='lat' dir='ltr'><strong>dinem</strong></span> <span class='ocrx_word' id='word_1_206' title='bbox 1079 2473 1141 2531; x_wconf 89' lang='lat' dir='ltr'><strong>sine</strong></span> <span class='ocrx_word' id='word_1_207' title='bbox 1156 2473 1324 2532; x_wconf 86' lang='lat' dir='ltr'><strong>diiilcuitete</strong></span> <span class='ocrx_word' id='word_1_208' title='bbox 1339 2470 1557 2538; x_wconf 83' lang='lat' dir='ltr'><strong>inveniendam,</strong></span> <span class='ocrx_word' id='word_1_209' title='bbox 1573 2466 1651 2542; x_wconf 90' lang='lat' dir='ltr'><strong>quod</strong></span> <span class='ocrx_word' id='word_1_210' title='bbox 1663 2467 1717 2522; x_wconf 88' lang='lat' dir='ltr'><strong>hac</strong></span> <span class='ocrx_word' id='word_1_211' title='bbox 1732 2464 1768 2521; x_wconf 93' lang='lat' dir='ltr'><strong>de</strong></span> 
     </span>
     <span class='ocr_line' id='line_1_41' title="bbox 964 2555 1768 2635; baseline -0.01 -17"><span class='ocrx_word' id='word_1_212' title='bbox 964 2579 1049 2618; x_wconf 87' lang='lat' dir='ltr'><strong>cause</strong></span> <span class='ocrx_word' id='word_1_213' title='bbox 1063 2579 1081 2618; x_wconf 89' lang='lat' dir='ltr'><strong>e</strong></span> <span class='ocrx_word' id='word_1_214' title='bbox 1094 2562 1224 2635; x_wconf 83' lang='lat' dir='ltr'><strong>sapiente</strong></span> <span class='ocrx_word' id='word_1_215' title='bbox 1243 2562 1395 2627; x_wconf 74' lang='lat' dir='ltr'><strong>(Glumuloz</strong></span> <span class='ocrx_word' id='word_1_216' title='bbox 1419 2560 1593 2634; x_wconf 79' lang='lat' dir='ltr'><strong>Pythagora)</strong></span> <span class='ocrx_word' id='word_1_217' title='bbox 1617 2555 1768 2620; x_wconf 80' lang='lat' dir='ltr'><strong>inventum</strong></span> 
     </span>
     <span class='ocr_line' id='line_1_42' title="bbox 963 2643 1768 2725; baseline 0.001 -18"><span class='ocrx_word' id='word_1_218' title='bbox 963 2653 1090 2724; x_wconf 87' lang='lat' dir='ltr'><strong>putetur,</strong></span> <span class='ocrx_word' id='word_1_219' title='bbox 1100 2650 1264 2725; x_wconf 85' lang='lat' dir='ltr'><strong>quievisum</strong></span> <span class='ocrx_word' id='word_1_220' title='bbox 1273 2651 1354 2709; x_wconf 92' lang='lat' dir='ltr'><strong>humi</strong></span> <span class='ocrx_word' id='word_1_221' title='bbox 1360 2648 1522 2722; x_wconf 86' lang='lat' dir='ltr'><strong>adjungere</strong></span> <span class='ocrx_word' id='word_1_222' title='bbox 1530 2643 1646 2704; x_wconf 86' lang='lat' dir='ltr'><strong>diiiicile</strong></span> <span class='ocrx_word' id='word_1_223' title='bbox 1652 2659 1768 2708; x_wconf 72' lang='lat' dir='ltr'><strong>mento·</strong></span> 
     </span>
     <span class='ocr_line' id='line_1_43' title="bbox 962 2731 1768 2815; baseline -0.011 -19"><span class='ocrx_word' id='word_1_224' title='bbox 962 2757 997 2809; x_wconf 86' lang='lat' dir='ltr'><strong>m,</strong></span> <span class='ocrx_word' id='word_1_225' title='bbox 1017 2738 1222 2797; x_wconf 86' lang='lat' dir='ltr'><strong>inconveniens</strong></span> <span class='ocrx_word' id='word_1_226' title='bbox 1243 2737 1400 2815; x_wconf 87' lang='lat' dir='ltr'><strong>spectatori</strong></span> <span class='ocrx_word' id='word_1_227' title='bbox 1427 2735 1594 2811; x_wconf 85' lang='lat' dir='ltr'><strong>putabatur,</strong></span> <span class='ocrx_word' id='word_1_228' title='bbox 1623 2731 1768 2808; x_wconf 69' lang='lat' dir='ltr'><strong>sumitcpre</strong></span> 
     </span>
     <span class='ocr_line' id='line_1_44' title="bbox 962 2820 1770 2902; baseline -0.011 -17"><span class='ocrx_word' id='word_1_229' title='bbox 962 2827 1156 2902; x_wconf 83' lang='lat' dir='ltr'><strong>quantitatem</strong></span> <span class='ocrx_word' id='word_1_230' title='bbox 1166 2845 1224 2884; x_wconf 76' lang='lat' dir='ltr'><strong>sue</strong></span> <span class='ocrx_word' id='word_1_231' title='bbox 1239 2825 1476 2901; x_wconf 77' lang='lat' dir='ltr'><strong>magnitudinisa</strong></span> <span class='ocrx_word' id='word_1_232' title='bbox 1491 2820 1694 2897; x_wconf 72' lang='lat' dir='ltr'><strong>magnitudine</strong></span> <span class='ocrx_word' id='word_1_233' title='bbox 1708 2821 1770 2876; x_wconf 82' lang='lat' dir='ltr'><strong>sie·</strong></span> 
     </span>
    </p>
   </div>
   <div class='ocr_carea' id='block_1_15' title="bbox 963 2915 1769 3064">
    <p class='ocr_par' dir='ltr' id='par_1_19' title="bbox 963 2915 1769 3064">
     <span class='ocr_line' id='line_1_45' title="bbox 963 2915 1210 2974; baseline 0.004 -2"><span class='ocrx_word' id='word_1_234' title='bbox 963 2920 1035 2973; x_wconf 79' lang='lat' dir='ltr'><strong>turae</strong></span> <span class='ocrx_word' id='word_1_235' title='bbox 1052 2915 1210 2974; x_wconf 85' lang='lat' dir='ltr'><strong>metientis.</strong></span> 
     </span>
     <span class='ocr_line' id='line_1_46' title="bbox 999 2989 1769 3064; baseline -0.006 -11"><span class='ocrx_word' id='word_1_236' title='bbox 999 2989 1769 3064; x_wconf 73' lang='lat' dir='ltr'><strong>deusdonamueuundiuemluimegnitudine,etde·</strong></span> 
     </span>
    </p>
   </div>
   <div class='ocr_carea' id='block_1_16' title="bbox 930 3077 1768 3161">
    <p class='ocr_par' dir='ltr' id='par_1_20' title="bbox 930 3077 1768 3161">
     <span class='ocr_line' id='line_1_47' title="bbox 930 3077 1768 3161; baseline -0.011 -21"><span class='ocrx_word' id='word_1_237' title='bbox 930 3079 1035 3161; x_wconf 84' lang='lat' dir='ltr'><strong>Cplari</strong></span> <span class='ocrx_word' id='word_1_238' title='bbox 1047 3083 1234 3159; x_wconf 89' lang='lat' dir='ltr'><strong>proportione</strong></span> <span class='ocrx_word' id='word_1_239' title='bbox 1244 3082 1483 3157; x_wconf 87' lang='lat' dir='ltr'><strong>proportionetur</strong></span> <span class='ocrx_word' id='word_1_240' title='bbox 1493 3077 1768 3150; x_wconf 85' lang='lat' dir='ltr'><strong>mensorisiongitu-</strong></span> 
     </span>
    </p>
   </div>
   <div class='ocr_carea' id='block_1_17' title="bbox 957 3166 1772 3338">
    <p class='ocr_par' dir='ltr' id='par_1_21' title="bbox 957 3166 1772 3338">
     <span class='ocr_line' id='line_1_48' title="bbox 963 3166 1770 3247; baseline -0.012 -15"><span class='ocrx_word' id='word_1_241' title='bbox 963 3175 1039 3245; x_wconf 85' lang='lat' dir='ltr'><strong>dini;</strong></span> <span class='ocrx_word' id='word_1_242' title='bbox 1055 3173 1238 3247; x_wconf 69' lang='lat' dir='ltr'><strong>cuijusmedio</strong></span> <span class='ocrx_word' id='word_1_243' title='bbox 1248 3166 1770 3240; x_wconf 84' lang='lat' dir='ltr'><strong>altemarundoorthogonalitereon·</strong></span> 
     </span>
     <span class='ocr_line' id='line_1_49' title="bbox 957 3253 1772 3338; baseline -0.012 -17"><span class='ocrx_word' id='word_1_244' title='bbox 957 3265 1110 3338; x_wconf 85' lang='lat' dir='ltr'><strong>jungatur,</strong></span> <span class='ocrx_word' id='word_1_245' title='bbox 1121 3263 1321 3337; x_wconf 81' lang='lat' dir='ltr'><strong>quse,staturae</strong></span> <span class='ocrx_word' id='word_1_246' title='bbox 1334 3258 1475 3316; x_wconf 85' lang='lat' dir='ltr'><strong>mensoris</strong></span> <span class='ocrx_word' id='word_1_247' title='bbox 1485 3253 1661 3330; x_wconf 90' lang='lat' dir='ltr'><strong>longitudini</strong></span> <span class='ocrx_word' id='word_1_248' title='bbox 1676 3269 1772 3328; x_wconf 81' lang='lat' dir='ltr'><strong>sequa·</strong></span> 
     </span>
    </p>
   </div>
   <div class='ocr_carea' id='block_1_18' title="bbox 848 3345 1770 3424">
    <p class='ocr_par' dir='ltr' id='par_1_22' title="bbox 848 3345 1770 3424">
     <span class='ocr_line' id='line_1_50' title="bbox 848 3345 1770 3424; baseline -0.014 -11"><span class='ocrx_word' id='word_1_249' title='bbox 848 3403 875 3418; x_wconf 85' lang='grc'><strong>..</strong></span> <span class='ocrx_word' id='word_1_250' title='bbox 961 3353 1006 3420; x_wconf 83' lang='lat' dir='ltr'><strong>iis,</strong></span> <span class='ocrx_word' id='word_1_251' title='bbox 1021 3351 1305 3424; x_wconf 86' lang='lat' dir='ltr'><strong>eieuiconjungitur,</strong></span> <span class='ocrx_word' id='word_1_252' title='bbox 1316 3345 1682 3422; x_wconf 85' lang='lat' dir='ltr'><strong>subdopielrabeatur.iioo</strong></span> <span class='ocrx_word' id='word_1_253' title='bbox 1699 3358 1770 3418; x_wconf 85' lang='lat' dir='ltr'><strong>ergo</strong></span> 
     </span>
    </p>
   </div>
   <div class='ocr_carea' id='block_1_19' title="bbox 459 3776 874 3972">
    <p class='ocr_par' dir='ltr' id='par_1_23' title="bbox 459 3776 874 3972">
     <span class='ocr_line' id='line_1_51' title="bbox 459 3776 874 3972; baseline -0.005 -129"><span class='ocrx_word' id='word_1_254' title='bbox 459 3776 637 3972; x_wconf 31' lang='grc' dir='ltr'><strong>ὃπου),</strong></span> <span class='ocrx_word' id='word_1_255' title='bbox 664 3794 773 3842; x_wconf 75' lang='lat' dir='ltr'><strong>nucea</strong></span> <span class='ocrx_word' id='word_1_256' title='bbox 855 3811 874 3876; x_wconf 56' lang='grc' dir='ltr'><strong>Ξ</strong></span> 
     </span>
     <span class='ocr_line' id='line_1_52' title="bbox 477 3902 546 3950; baseline -0.014 0"><span class='ocrx_word' id='word_1_257' title='bbox 477 3902 546 3950; x_wconf 80' lang='lat' dir='ltr'><strong>cons</strong></span> 
     </span>
    </p>
   </div>
   <div class='ocr_carea' id='block_1_20' title="bbox 143 3615 168 4180">
    <p class='ocr_par' dir='ltr' id='par_1_24' title="bbox 143 3615 168 4180">
     <span class='ocr_line' id='line_1_53' title="bbox 143 3615 168 4180; textangle 90"><span class='ocrx_word' id='word_1_258' title='bbox 144 3941 168 4180; x_wconf 68' lang='lat' dir='ltr'><strong>altitudo</strong></span> <span class='ocrx_word' id='word_1_259' title='bbox 143 3615 168 3910; x_wconf 69' lang='lat' dir='ltr'><strong>metienda</strong></span> 
     </span>
    </p>
   </div>
   <div class='ocr_carea' id='block_1_21' title="bbox 397 4659 616 4718">
    <p class='ocr_par' dir='ltr' id='par_1_25' title="bbox 397 4659 616 4718">
     <span class='ocr_line' id='line_1_54' title="bbox 397 4659 616 4718; baseline 0 -1"><span class='ocrx_word' id='word_1_260' title='bbox 397 4661 509 4718; x_wconf 70' lang='lat' dir='ltr'>CAPUT</span> <span class='ocrx_word' id='word_1_261' title='bbox 528 4659 616 4717; x_wconf 80' lang='lat' dir='ltr'><strong>xxw.</strong></span> 
     </span>
    </p>
   </div>
   <div class='ocr_carea' id='block_1_22' title="bbox 125 4761 920 5286">
    <p class='ocr_par' dir='ltr' id='par_1_26' title="bbox 125 4761 917 4894">
     <span class='ocr_line' id='line_1_55' title="bbox 125 4761 917 4892; baseline 0.005 -74"><span class='ocrx_word' id='word_1_262' title='bbox 125 4761 163 4817; x_wconf 79' lang='lat' dir='ltr'><strong>Ad</strong></span> <span class='ocrx_word' id='word_1_263' title='bbox 182 4767 370 4825; x_wconf 75' lang='lat' dir='ltr'><strong>estimandum</strong></span> <span class='ocrx_word' id='word_1_264' title='bbox 383 4766 578 4892; x_wconf 48' lang='lat' dir='ltr'><strong>cujsssque‘rei</strong></span> <span class='ocrx_word' id='word_1_265' title='bbox 601 4768 770 4824; x_wconf 80' lang='lat' dir='ltr'><strong>altitudinem</strong></span> <span class='ocrx_word' id='word_1_266' title='bbox 798 4768 850 4824; x_wconf 81' lang='lat' dir='ltr'><strong>sote</strong></span> <span class='ocrx_word' id='word_1_267' title='bbox 875 4769 917 4823; x_wconf 87' lang='lat' dir='ltr'><strong>iu·</strong></span> 
     </span>
     <span class='ocr_line' id='line_1_56' title="bbox 471 4855 553 4894; baseline -0.012 0"><span class='ocrx_word' id='word_1_268' title='bbox 471 4855 517 4894; x_wconf 83' lang='lat' dir='ltr'><strong>cen</strong></span> <span class='ocrx_word' id='word_1_269' title='bbox 530 4856 553 4894; x_wconf 86' lang='lat' dir='ltr'><strong>e.</strong></span> 
     </span>
    </p>

    <p class='ocr_par' dir='ltr' id='par_1_27' title="bbox 155 4929 918 5040">
     <span class='ocr_line' id='line_1_57' title="bbox 155 4929 918 5040; baseline 0.003 -39"><span class='ocrx_word' id='word_1_270' title='bbox 155 4942 332 5040; x_wconf 75' lang='lat' dir='ltr'><strong>iluecunque</strong></span> <span class='ocrx_word' id='word_1_271' title='bbox 347 4962 393 5002; x_wconf 85' lang='lat' dir='ltr'><strong>res</strong></span> <span class='ocrx_word' id='word_1_272' title='bbox 407 4929 502 5018; x_wconf 80' lang='lat' dir='ltr'><strong>posite</strong></span> <span class='ocrx_word' id='word_1_273' title='bbox 515 4945 602 5001; x_wconf 91' lang='lat' dir='ltr'><strong>iuerit</strong></span> <span class='ocrx_word' id='word_1_274' title='bbox 616 4945 669 5001; x_wconf 90' lang='lat' dir='ltr'><strong>sub</strong></span> <span class='ocrx_word' id='word_1_275' title='bbox 684 4945 761 5014; x_wconf 81' lang='lat' dir='ltr'><strong>diso,</strong></span> <span class='ocrx_word' id='word_1_276' title='bbox 783 4948 918 5003; x_wconf 85' lang='lat' dir='ltr'><strong>umbram</strong></span> 
     </span>
    </p>

    <p class='ocr_par' dir='ltr' id='par_1_28' title="bbox 128 5033 919 5108">
     <span class='ocr_line' id='line_1_58' title="bbox 128 5033 919 5108; baseline 0.008 -23"><span class='ocrx_word' id='word_1_277' title='bbox 128 5033 229 5101; x_wconf 77' lang='lat' dir='ltr'><strong>emittit,</strong></span> <span class='ocrx_word' id='word_1_278' title='bbox 245 5033 299 5090; x_wconf 89' lang='lat' dir='ltr'><strong>sed</strong></span> <span class='ocrx_word' id='word_1_279' title='bbox 313 5051 371 5090; x_wconf 90' lang='lat' dir='ltr'><strong>non</strong></span> <span class='ocrx_word' id='word_1_280' title='bbox 385 5033 438 5090; x_wconf 86' lang='lat' dir='ltr'><strong>sibi</strong></span> <span class='ocrx_word' id='word_1_281' title='bbox 448 5049 565 5107; x_wconf 86' lang='lat' dir='ltr'><strong>semper</strong></span> <span class='ocrx_word' id='word_1_282' title='bbox 574 5035 727 5108; x_wconf 84' lang='lat' dir='ltr'><strong>aequalem.</strong></span> <span class='ocrx_word' id='word_1_283' title='bbox 737 5034 919 5108; x_wconf 85' lang='lat' dir='ltr'><strong>Quapropter</strong></span> 
     </span>
    </p>

    <p class='ocr_par' dir='ltr' id='par_1_29' title="bbox 128 5119 917 5212">
     <span class='ocr_line' id='line_1_59' title="bbox 128 5119 917 5212; baseline 0.009 -37"><span class='ocrx_word' id='word_1_284' title='bbox 128 5119 223 5212; x_wconf 67' lang='lat' dir='ltr'><strong>umbrae</strong></span> <span class='ocrx_word' id='word_1_285' title='bbox 237 5119 328 5194; x_wconf 86' lang='lat' dir='ltr'><strong>ipsius</strong></span> <span class='ocrx_word' id='word_1_286' title='bbox 341 5125 461 5195; x_wconf 87' lang='lat' dir='ltr'><strong>quotam</strong></span> <span class='ocrx_word' id='word_1_287' title='bbox 477 5126 589 5194; x_wconf 85' lang='lat' dir='ltr'><strong>partem</strong></span> <span class='ocrx_word' id='word_1_288' title='bbox 603 5123 737 5191; x_wconf 86' lang='lat' dir='ltr'><strong>volueris,</strong></span> <span class='ocrx_word' id='word_1_289' title='bbox 747 5123 845 5197; x_wconf 83' lang='lat' dir='ltr'><strong>eligas.</strong></span> <span class='ocrx_word' id='word_1_290' title='bbox 863 5126 917 5183; x_wconf 89' lang='lat' dir='ltr'><strong>De·</strong></span> 
     </span>
    </p>

    <p class='ocr_par' dir='ltr' id='par_1_30' title="bbox 127 5204 920 5286">
     <span class='ocr_line' id='line_1_60' title="bbox 127 5204 920 5286; baseline 0.015 -29"><span class='ocrx_word' id='word_1_291' title='bbox 127 5204 183 5260; x_wconf 82' lang='lat' dir='ltr'><strong>ude</strong></span> <span class='ocrx_word' id='word_1_292' title='bbox 193 5209 335 5282; x_wconf 81' lang='lat' dir='ltr'><strong>virgulam</strong></span> <span class='ocrx_word' id='word_1_293' title='bbox 355 5212 532 5283; x_wconf 75' lang='lat' dir='ltr'><strong>coaequalem</strong></span> <span class='ocrx_word' id='word_1_294' title='bbox 547 5211 611 5266; x_wconf 84' lang='lat' dir='ltr'><strong>luuic</strong></span> <span class='ocrx_word' id='word_1_295' title='bbox 628 5213 702 5286; x_wconf 90' lang='lat' dir='ltr'><strong>perti</strong></span> <span class='ocrx_word' id='word_1_296' title='bbox 717 5211 746 5268; x_wconf 90' lang='lat' dir='ltr'><strong>in</strong></span> <span class='ocrx_word' id='word_1_297' title='bbox 768 5216 847 5269; x_wconf 86' lang='lat' dir='ltr'><strong>terra</strong></span> <span class='ocrx_word' id='word_1_298' title='bbox 861 5217 920 5270; x_wconf 86' lang='lat' dir='ltr'><strong>sie·</strong></span> 
     </span>
    </p>
   </div>
   <div class='ocr_carea' id='block_1_23' title="bbox 128 5295 1045 5387">
    <p class='ocr_par' dir='ltr' id='par_1_31' title="bbox 128 5295 1045 5387">
     <span class='ocr_line' id='line_1_61' title="bbox 128 5295 1045 5387; baseline 0.023 -43"><span class='ocrx_word' id='word_1_299' title='bbox 128 5295 190 5360; x_wconf 89' lang='lat' dir='ltr'><strong>tuas,</strong></span> <span class='ocrx_word' id='word_1_300' title='bbox 204 5301 235 5354; x_wconf 90' lang='lat' dir='ltr'><strong>et</strong></span> <span class='ocrx_word' id='word_1_301' title='bbox 251 5299 386 5356; x_wconf 86' lang='lat' dir='ltr'><strong>umbram</strong></span> <span class='ocrx_word' id='word_1_302' title='bbox 405 5300 508 5356; x_wconf 85' lang='lat' dir='ltr'><strong>exinde</strong></span> <span class='ocrx_word' id='word_1_303' title='bbox 523 5301 676 5358; x_wconf 87' lang='lat' dir='ltr'><strong>cadentem</strong></span> <span class='ocrx_word' id='word_1_304' title='bbox 689 5319 739 5358; x_wconf 89' lang='lat' dir='ltr'><strong>seu</strong></span> <span class='ocrx_word' id='word_1_305' title='bbox 754 5319 806 5376; x_wconf 90' lang='lat' dir='ltr'><strong>per</strong></span> <span class='ocrx_word' id='word_1_306' title='bbox 821 5305 920 5387; x_wconf 61' lang='lat' dir='ltr'><strong>pedes,</strong></span> <span class='ocrx_word' id='word_1_307' title='bbox 1039 5300 1045 5312; x_wconf 67' lang='lat'><strong>¹</strong></span> 
     </span>
    </p>
   </div>
   <div class='ocr_carea' id='block_1_24' title="bbox 128 5389 922 5641">
    <p class='ocr_par' dir='ltr' id='par_1_32' title="bbox 128 5389 922 5641">
     <span class='ocr_line' id='line_1_62' title="bbox 128 5389 922 5477; baseline 0.015 -38"><span class='ocrx_word' id='word_1_308' title='bbox 128 5397 167 5477; x_wconf 66' lang='lat' dir='ltr'><strong>teu</strong></span> <span class='ocrx_word' id='word_1_309' title='bbox 179 5403 229 5457; x_wconf 87' lang='lat' dir='ltr'><strong>per</strong></span> <span class='ocrx_word' id='word_1_310' title='bbox 244 5389 369 5459; x_wconf 76' lang='lat' dir='ltr'><strong>palmos,</strong></span> <span class='ocrx_word' id='word_1_311' title='bbox 383 5405 432 5444; x_wconf 87' lang='lat' dir='ltr'><strong>seu</strong></span> <span class='ocrx_word' id='word_1_312' title='bbox 444 5406 497 5460; x_wconf 87' lang='lat' dir='ltr'><strong>per</strong></span> <span class='ocrx_word' id='word_1_313' title='bbox 518 5391 616 5446; x_wconf 78' lang='lat' dir='ltr'><strong>cincias</strong></span> <span class='ocrx_word' id='word_1_314' title='bbox 639 5391 758 5448; x_wconf 85' lang='lat' dir='ltr'><strong>dividas.</strong></span> <span class='ocrx_word' id='word_1_315' title='bbox 775 5391 805 5447; x_wconf 89' lang='lat' dir='ltr'><strong>Si</strong></span> <span class='ocrx_word' id='word_1_316' title='bbox 826 5393 922 5466; x_wconf 88' lang='lat' dir='ltr'><strong>major</strong></span> 
     </span>
     <span class='ocr_line' id='line_1_63' title="bbox 128 5475 921 5568; baseline 0.021 -47"><span class='ocrx_word' id='word_1_317' title='bbox 128 5475 921 5568; x_wconf 77' lang='lat' dir='ltr'><strong>insentaiueritumbraquamvirgula,quantumumbra</strong></span> 
     </span>
     <span class='ocr_line' id='line_1_64' title="bbox 129 5565 920 5641; baseline 0.014 -27"><span class='ocrx_word' id='word_1_318' title='bbox 129 5565 256 5631; x_wconf 73' lang='lat' dir='ltr'><strong>turgulant</strong></span> <span class='ocrx_word' id='word_1_319' title='bbox 267 5569 394 5638; x_wconf 86' lang='lat' dir='ltr'><strong>superat,</strong></span> <span class='ocrx_word' id='word_1_320' title='bbox 410 5569 524 5622; x_wconf 90' lang='lat' dir='ltr'><strong>tantum</strong></span> <span class='ocrx_word' id='word_1_321' title='bbox 536 5583 554 5622; x_wconf 90' lang='lat' dir='ltr'><strong>a</strong></span> <span class='ocrx_word' id='word_1_322' title='bbox 564 5567 693 5640; x_wconf 77' lang='lat' dir='ltr'><strong>singuiis,</strong></span> <span class='ocrx_word' id='word_1_323' title='bbox 708 5586 831 5641; x_wconf 84' lang='lat' dir='ltr'><strong>quarum</strong></span> <span class='ocrx_word' id='word_1_324' title='bbox 841 5587 920 5626; x_wconf 90' lang='lat' dir='ltr'><strong>meu·</strong></span> 
     </span>
    </p>
   </div>
   <div class='ocr_carea' id='block_1_25' title="bbox 27 5653 921 5822">
    <p class='ocr_par' dir='ltr' id='par_1_33' title="bbox 27 5653 921 5822">
     <span class='ocr_line' id='line_1_65' title="bbox 27 5653 921 5738; baseline 0.004 -28"><span class='ocrx_word' id='word_1_325' title='bbox 27 5663 29 5738; x_wconf 38' lang='lat' dir='ltr'>j</span> <span class='ocrx_word' id='word_1_326' title='bbox 129 5662 212 5707; x_wconf 75' lang='lat' dir='ltr'><strong>turam</strong></span> <span class='ocrx_word' id='word_1_327' title='bbox 224 5653 338 5726; x_wconf 82' lang='lat' dir='ltr'><strong>virgula</strong></span> <span class='ocrx_word' id='word_1_328' title='bbox 345 5655 610 5723; x_wconf 70' lang='lat' dir='ltr'><strong>habetsubtrah&#39;es.</strong></span> <span class='ocrx_word' id='word_1_329' title='bbox 622 5653 651 5711; x_wconf 91' lang='lat' dir='ltr'><strong>Si</strong></span> <span class='ocrx_word' id='word_1_330' title='bbox 662 5659 760 5714; x_wconf 85' lang='lat' dir='ltr'><strong>autom</strong></span> <span class='ocrx_word' id='word_1_331' title='bbox 770 5658 869 5715; x_wconf 88' lang='lat' dir='ltr'><strong>minor</strong></span> <span class='ocrx_word' id='word_1_332' title='bbox 877 5663 921 5715; x_wconf 88' lang='lat' dir='ltr'><strong>est</strong></span> 
     </span>
     <span class='ocr_line' id='line_1_66' title="bbox 131 5738 919 5822; baseline 0.013 -31"><span class='ocrx_word' id='word_1_333' title='bbox 131 5738 229 5808; x_wconf 81' lang='lat' dir='ltr'><strong>umbra,</strong></span> <span class='ocrx_word' id='word_1_334' title='bbox 245 5747 385 5816; x_wconf 61' lang='lat' dir='ltr'><strong>munium</strong></span> <span class='ocrx_word' id='word_1_335' title='bbox 399 5745 480 5818; x_wconf 79' lang='lat' dir='ltr'><strong>uirga</strong></span> <span class='ocrx_word' id='word_1_336' title='bbox 493 5747 619 5818; x_wconf 89' lang='lat' dir='ltr'><strong>superat,</strong></span> <span class='ocrx_word' id='word_1_337' title='bbox 645 5748 757 5804; x_wconf 87' lang='lat' dir='ltr'><strong>tantum</strong></span> <span class='ocrx_word' id='word_1_338' title='bbox 775 5747 919 5822; x_wconf 71' lang='lat' dir='ltr'><strong>praedictis</strong></span> 
     </span>
    </p>
   </div>
   <div class='ocr_carea' id='block_1_26' title="bbox 960 3431 1772 3602">
    <p class='ocr_par' dir='ltr' id='par_1_34' title="bbox 960 3431 1772 3602">
     <span class='ocr_line' id='line_1_67' title="bbox 961 3431 1771 3512; baseline -0.014 -14"><span class='ocrx_word' id='word_1_339' title='bbox 961 3442 1188 3498; x_wconf 86' lang='lat' dir='ltr'><strong>instrumentum</strong></span> <span class='ocrx_word' id='word_1_340' title='bbox 1211 3439 1251 3496; x_wconf 89' lang='lat' dir='ltr'><strong>sic</strong></span> <span class='ocrx_word' id='word_1_341' title='bbox 1274 3437 1468 3512; x_wconf 86' lang='lat' dir='ltr'><strong>compositum</strong></span> <span class='ocrx_word' id='word_1_342' title='bbox 1493 3432 1595 3490; x_wconf 89' lang='lat' dir='ltr'><strong>tandiu</strong></span> <span class='ocrx_word' id='word_1_343' title='bbox 1620 3431 1771 3489; x_wconf 82' lang='lat' dir='ltr'><strong>duratura</strong></span> 
     </span>
     <span class='ocr_line' id='line_1_68' title="bbox 960 3519 1772 3602; baseline -0.01 -16"><span class='ocrx_word' id='word_1_344' title='bbox 960 3528 1386 3602; x_wconf 84' lang='lat' dir='ltr'><strong>mensoreperplenum,donee</strong></span> <span class='ocrx_word' id='word_1_345' title='bbox 1396 3541 1449 3599; x_wconf 90' lang='lat' dir='ltr'><strong>per</strong></span> <span class='ocrx_word' id='word_1_346' title='bbox 1457 3520 1639 3580; x_wconf 86' lang='lat' dir='ltr'><strong>summitates</strong></span> <span class='ocrx_word' id='word_1_347' title='bbox 1650 3519 1772 3578; x_wconf 88' lang='lat' dir='ltr'><strong>istarum</strong></span> 
     </span>
    </p>
   </div>
   <div class='ocr_carea' id='block_1_27' title="bbox 847 3607 1772 3780">
    <p class='ocr_par' dir='ltr' id='par_1_35' title="bbox 847 3607 1772 3780">
     <span class='ocr_line' id='line_1_69' title="bbox 856 3607 1772 3690; baseline -0.012 -14"><span class='ocrx_word' id='word_1_348' title='bbox 856 3619 875 3647; x_wconf 75' lang='lat'><strong>&#39;²</strong></span> <span class='ocrx_word' id='word_1_349' title='bbox 960 3617 1106 3690; x_wconf 82' lang='lat' dir='ltr'><strong>virgarum</strong></span> <span class='ocrx_word' id='word_1_350' title='bbox 1120 3611 1694 3686; x_wconf 79' lang='lat' dir='ltr'><strong>reimetiendaeconspiciatursummum.</strong></span> <span class='ocrx_word' id='word_1_351' title='bbox 1709 3607 1772 3673; x_wconf 82' lang='lat' dir='ltr'><strong>Quo</strong></span> 
     </span>
     <span class='ocr_line' id='line_1_70' title="bbox 847 3693 1772 3780; baseline -0.011 -18"><span class='ocrx_word' id='word_1_352' title='bbox 847 3693 874 3770; x_wconf 64' lang='grc' dir='ltr'>ἔ</span> <span class='ocrx_word' id='word_1_353' title='bbox 960 3706 1089 3780; x_wconf 89' lang='lat' dir='ltr'><strong>inspecto</strong></span> <span class='ocrx_word' id='word_1_354' title='bbox 1103 3707 1186 3760; x_wconf 90' lang='lat' dir='ltr'><strong>tanta</strong></span> <span class='ocrx_word' id='word_1_355' title='bbox 1197 3705 1319 3762; x_wconf 89' lang='lat' dir='ltr'><strong>altitudo</strong></span> <span class='ocrx_word' id='word_1_356' title='bbox 1331 3703 1452 3770; x_wconf 89' lang='lat' dir='ltr'><strong>dicatur,</strong></span> <span class='ocrx_word' id='word_1_357' title='bbox 1462 3700 1606 3774; x_wconf 86' lang='lat' dir='ltr'><strong>quantum</strong></span> <span class='ocrx_word' id='word_1_358' title='bbox 1617 3696 1772 3771; x_wconf 85' lang='lat' dir='ltr'><strong>spatiume</strong></span> 
     </span>
    </p>
   </div>
   <div class='ocr_carea' id='block_1_28' title="bbox 955 3784 1822 3948">
    <p class='ocr_par' dir='ltr' id='par_1_36' title="bbox 955 3784 1822 3948">
     <span class='ocr_line' id='line_1_71' title="bbox 959 3784 1774 3866; baseline -0.01 -16"><span class='ocrx_word' id='word_1_359' title='bbox 959 3795 1022 3851; x_wconf 91' lang='lat' dir='ltr'><strong>loco</strong></span> <span class='ocrx_word' id='word_1_360' title='bbox 1038 3793 1066 3850; x_wconf 91' lang='lat' dir='ltr'><strong>io</strong></span> <span class='ocrx_word' id='word_1_361' title='bbox 1081 3810 1138 3866; x_wconf 87' lang='lat' dir='ltr'><strong>quo</strong></span> <span class='ocrx_word' id='word_1_362' title='bbox 1154 3809 1272 3849; x_wconf 88' lang='lat' dir='ltr'><strong>mensor</strong></span> <span class='ocrx_word' id='word_1_363' title='bbox 1289 3795 1347 3850; x_wconf 89' lang='lat' dir='ltr'><strong>stet</strong></span> <span class='ocrx_word' id='word_1_364' title='bbox 1360 3791 1398 3851; x_wconf 84' lang='lat' dir='ltr'><strong>ad</strong></span> <span class='ocrx_word' id='word_1_365' title='bbox 1408 3788 1535 3847; x_wconf 86' lang='lat' dir='ltr'><strong>redicem</strong></span> <span class='ocrx_word' id='word_1_366' title='bbox 1547 3784 1717 3854; x_wconf 87' lang='lat' dir='ltr'><strong>altitudinis,</strong></span> <span class='ocrx_word' id='word_1_367' title='bbox 1724 3785 1774 3842; x_wconf 88' lang='lat' dir='ltr'><strong>ed·</strong></span> 
     </span>
     <span class='ocr_line' id='line_1_72' title="bbox 955 3866 1822 3948; baseline -0.013 -18"><span class='ocrx_word' id='word_1_368' title='bbox 955 3875 1058 3946; x_wconf 76' lang='lat' dir='ltr'><strong>iuncta</strong></span> <span class='ocrx_word' id='word_1_369' title='bbox 1069 3877 1189 3942; x_wconf 85' lang='lat' dir='ltr'><strong>statura,</strong></span> <span class='ocrx_word' id='word_1_370' title='bbox 1205 3875 1401 3928; x_wconf 86' lang='lat' dir='ltr'><strong>mensuratur.</strong></span> <span class='ocrx_word' id='word_1_371' title='bbox 1418 3869 1451 3924; x_wconf 79' lang='lat' dir='ltr'><strong>i.</strong></span> <span class='ocrx_word' id='word_1_372' title='bbox 1468 3884 1499 3940; x_wconf 86' lang='lat' dir='ltr'><strong>g.</strong></span> <span class='ocrx_word' id='word_1_373' title='bbox 1515 3866 1552 3922; x_wconf 90' lang='lat' dir='ltr'><strong>sit</strong></span> <span class='ocrx_word' id='word_1_374' title='bbox 1570 3867 1679 3922; x_wconf 85' lang='lat' dir='ltr'><strong>statura</strong></span> <span class='ocrx_word' id='word_1_375' title='bbox 1690 3881 1774 3920; x_wconf 90' lang='lat' dir='ltr'><strong>men·</strong></span> <span class='ocrx_word' id='word_1_376' title='bbox 1817 3935 1822 3948; x_wconf 86' lang='lat'><strong>.</strong></span> 
     </span>
    </p>
   </div>
   <div class='ocr_carea' id='block_1_29' title="bbox 959 3950 1774 4122">
    <p class='ocr_par' dir='ltr' id='par_1_37' title="bbox 959 3950 1774 4122">
     <span class='ocr_line' id='line_1_73' title="bbox 959 3950 1774 4032; baseline -0.02 -12"><span class='ocrx_word' id='word_1_377' title='bbox 959 3963 1031 4020; x_wconf 85' lang='lat' dir='ltr'><strong>suris</strong></span> <span class='ocrx_word' id='word_1_378' title='bbox 1044 3977 1072 4030; x_wconf 79' lang='lat' dir='ltr'><strong>a,</strong></span> <span class='ocrx_word' id='word_1_379' title='bbox 1084 3960 1229 4030; x_wconf 54' lang='lat' dir='ltr'><strong>metendo</strong></span> <span class='ocrx_word' id='word_1_380' title='bbox 1238 3957 1454 4032; x_wconf 76' lang='lat' dir='ltr'><strong>sihldupiee,d</strong></span> <span class='ocrx_word' id='word_1_381' title='bbox 1470 3955 1561 4014; x_wconf 73' lang='lat' dir='ltr'><strong>utera</strong></span> <span class='ocrx_word' id='word_1_382' title='bbox 1571 3952 1684 4013; x_wconf 63' lang='lat' dir='ltr'><strong>nunde</strong></span> <span class='ocrx_word' id='word_1_383' title='bbox 1694 3950 1774 4007; x_wconf 87' lang='lat' dir='ltr'><strong>istius</strong></span> 
     </span>
     <span class='ocr_line' id='line_1_74' title="bbox 961 4038 1774 4122; baseline -0.017 -15"><span class='ocrx_word' id='word_1_384' title='bbox 961 4047 1441 4122; x_wconf 80' lang='lat' dir='ltr'><strong>medioorthogonaliterjuncteo,</strong></span> <span class='ocrx_word' id='word_1_385' title='bbox 1452 4061 1476 4112; x_wconf 83' lang='lat' dir='ltr'><strong>e,</strong></span> <span class='ocrx_word' id='word_1_386' title='bbox 1489 4039 1612 4098; x_wconf 89' lang='lat' dir='ltr'><strong>altitudo</strong></span> <span class='ocrx_word' id='word_1_387' title='bbox 1625 4038 1774 4097; x_wconf 81' lang='lat' dir='ltr'><strong>metienda</strong></span> 
     </span>
    </p>
   </div>
   <div class='ocr_carea' id='block_1_30' title="bbox 849 4113 1771 4211">
    <p class='ocr_par' dir='ltr' id='par_1_38' title="bbox 849 4113 1771 4211">
     <span class='ocr_line' id='line_1_75' title="bbox 849 4113 1771 4211; baseline -0.015 -14"><span class='ocrx_word' id='word_1_388' title='bbox 849 4113 875 4197; x_wconf 56' lang='grc' dir='ltr'>ἶ</span> <span class='ocrx_word' id='word_1_389' title='bbox 959 4137 984 4210; x_wconf 80' lang='lat' dir='ltr'><strong>s,</strong></span> <span class='ocrx_word' id='word_1_390' title='bbox 994 4157 1023 4210; x_wconf 72' lang='lat' dir='ltr'><strong>p,</strong></span> <span class='ocrx_word' id='word_1_391' title='bbox 1037 4137 1164 4211; x_wconf 88' lang='lat' dir='ltr'><strong>spatium</strong></span> <span class='ocrx_word' id='word_1_392' title='bbox 1177 4153 1194 4192; x_wconf 87' lang='lat' dir='ltr'><strong>a</strong></span> <span class='ocrx_word' id='word_1_393' title='bbox 1207 4151 1344 4191; x_wconf 88' lang='lat' dir='ltr'><strong>mensore</strong></span> <span class='ocrx_word' id='word_1_394' title='bbox 1358 4129 1530 4188; x_wconf 84' lang='lat' dir='ltr'><strong>edredicem</strong></span> <span class='ocrx_word' id='word_1_395' title='bbox 1541 4125 1700 4182; x_wconf 82' lang='lat' dir='ltr'><strong>altitudinis</strong></span> <span class='ocrx_word' id='word_1_396' title='bbox 1710 4127 1771 4200; x_wconf 60' lang='lat' dir='ltr'><strong>dg.</strong></span> 
     </span>
    </p>
   </div>
   <div class='ocr_carea' id='block_1_31' title="bbox 960 4215 1775 4656">
    <p class='ocr_par' dir='ltr' id='par_1_39' title="bbox 960 4215 1775 4656">
     <span class='ocr_line' id='line_1_76' title="bbox 960 4215 1773 4284; baseline -0.016 0"><span class='ocrx_word' id='word_1_397' title='bbox 960 4227 1019 4284; x_wconf 85' lang='lat' dir='ltr'><strong>iiec</strong></span> <span class='ocrx_word' id='word_1_398' title='bbox 1030 4229 1130 4282; x_wconf 89' lang='lat' dir='ltr'><strong>tamen</strong></span> <span class='ocrx_word' id='word_1_399' title='bbox 1143 4225 1223 4282; x_wconf 87' lang='lat' dir='ltr'><strong>nulio</strong></span> <span class='ocrx_word' id='word_1_400' title='bbox 1236 4223 1325 4280; x_wconf 89' lang='lat' dir='ltr'><strong>modo</strong></span> <span class='ocrx_word' id='word_1_401' title='bbox 1352 4235 1471 4277; x_wconf 86' lang='lat' dir='ltr'><strong>mensor</strong></span> <span class='ocrx_word' id='word_1_402' title='bbox 1495 4215 1773 4284; x_wconf 58' lang='lat' dir='ltr'><strong>obliviscaturque</strong></span> 
     </span>
     <span class='ocr_line' id='line_1_77' title="bbox 962 4304 1771 4388; baseline -0.015 -15"><span class='ocrx_word' id='word_1_403' title='bbox 962 4317 1027 4374; x_wconf 91' lang='lat' dir='ltr'><strong>huic</strong></span> <span class='ocrx_word' id='word_1_404' title='bbox 1042 4312 1219 4374; x_wconf 89' lang='lat' dir='ltr'><strong>dimensioni</strong></span> <span class='ocrx_word' id='word_1_405' title='bbox 1236 4311 1376 4388; x_wconf 79' lang='lat' dir='ltr'><strong>omnique</strong></span> <span class='ocrx_word' id='word_1_406' title='bbox 1393 4305 1603 4385; x_wconf 87' lang='lat' dir='ltr'><strong>perpendiculo</strong></span> <span class='ocrx_word' id='word_1_407' title='bbox 1623 4304 1771 4382; x_wconf 70' lang='lat' dir='ltr'><strong>equiper-</strong></span> 
     </span>
     <span class='ocr_line' id='line_1_78' title="bbox 964 4393 1773 4478; baseline -0.014 -16"><span class='ocrx_word' id='word_1_408' title='bbox 964 4405 1044 4462; x_wconf 91' lang='lat' dir='ltr'><strong>dium</strong></span> <span class='ocrx_word' id='word_1_409' title='bbox 1055 4402 1249 4478; x_wconf 87' lang='lat' dir='ltr'><strong>appendatur,</strong></span> <span class='ocrx_word' id='word_1_410' title='bbox 1259 4399 1337 4476; x_wconf 91' lang='lat' dir='ltr'><strong>quod</strong></span> <span class='ocrx_word' id='word_1_411' title='bbox 1346 4395 1596 4474; x_wconf 86' lang='lat' dir='ltr'><strong>geometricaliter</strong></span> <span class='ocrx_word' id='word_1_412' title='bbox 1610 4393 1773 4451; x_wconf 88' lang='lat' dir='ltr'><strong>institutum</strong></span> 
     </span>
     <span class='ocr_line' id='line_1_79' title="bbox 965 4482 1775 4564; baseline -0.016 -12"><span class='ocrx_word' id='word_1_413' title='bbox 965 4495 1002 4552; x_wconf 91' lang='lat' dir='ltr'><strong>ed</strong></span> <span class='ocrx_word' id='word_1_414' title='bbox 1016 4507 1184 4549; x_wconf 88' lang='lat' dir='ltr'><strong>mensuram</strong></span> <span class='ocrx_word' id='word_1_415' title='bbox 1210 4492 1340 4564; x_wconf 88' lang='lat' dir='ltr'><strong>paretur.</strong></span> <span class='ocrx_word' id='word_1_416' title='bbox 1364 4483 1496 4562; x_wconf 80' lang='lat' dir='ltr'><strong>Exempli</strong></span> <span class='ocrx_word' id='word_1_417' title='bbox 1518 4497 1614 4554; x_wconf 81' lang='lat' dir='ltr'><strong>causa,</strong></span> <span class='ocrx_word' id='word_1_418' title='bbox 1636 4482 1775 4540; x_wconf 78' lang='lat' dir='ltr'><strong>sundeun</strong></span> 
     </span>
     <span class='ocr_line' id='line_1_80' title="bbox 967 4579 1168 4656; baseline -0.015 -19"><span class='ocrx_word' id='word_1_419' title='bbox 967 4579 1168 4656; x_wconf 85' lang='lat' dir='ltr'><strong>planaiigura.</strong></span> 
     </span>
    </p>
   </div>
   <div class='ocr_carea' id='block_1_32' title="bbox 1706 4937 1751 5622">
    <p class='ocr_par' dir='ltr' id='par_1_40' title="bbox 1706 4937 1751 5622">
     <span class='ocr_line' id='line_1_81' title="bbox 1706 4937 1751 5622; textangle 90"><span class='ocrx_word' id='word_1_420' title='bbox 1742 5609 1751 5622; x_wconf 60' lang='lat'>.</span> <span class='ocrx_word' id='word_1_421' title='bbox 1708 5263 1736 5503; x_wconf 72' lang='lat' dir='ltr'><strong>altitudo</strong></span> <span class='ocrx_word' id='word_1_422' title='bbox 1706 4937 1735 5235; x_wconf 65' lang='lat' dir='ltr'><strong>metienda</strong></span> 
     </span>
    </p>
   </div>
   <div class='ocr_carea' id='block_1_33' title="bbox 1253 5182 1318 5590">
    <p class='ocr_par' dir='ltr' id='par_1_41' title="bbox 1253 5182 1318 5590">
     <span class='ocr_line' id='line_1_82' title="bbox 1253 5182 1289 5590; textangle 90"><span class='ocrx_word' id='word_1_423' title='bbox 1254 5547 1270 5590; x_wconf 86' lang='lat'><strong>··</strong></span> <span class='ocrx_word' id='word_1_424' title='bbox 1255 5455 1277 5488; x_wconf 77' lang='lat' dir='ltr'><strong>s</strong></span> <span class='ocrx_word' id='word_1_425' title='bbox 1253 5315 1278 5444; x_wconf 60' lang='grc' dir='ltr'>τινι·</span> <span class='ocrx_word' id='word_1_426' title='bbox 1253 5182 1289 5307; x_wconf 55' lang='lat' dir='ltr'><strong>upa.</strong></span> 
     </span>
     <span class='ocr_line' id='line_1_83' title="bbox 1292 5219 1318 5524; textangle 90"><span class='ocrx_word' id='word_1_427' title='bbox 1292 5318 1317 5524; x_wconf 63' lang='lat' dir='ltr'>Manno</span> <span class='ocrx_word' id='word_1_428' title='bbox 1292 5219 1318 5311; x_wconf 73' lang='lat' dir='ltr'><strong>uus</strong></span> 
     </span>
    </p>
   </div>
   <div class='ocr_carea' id='block_1_34' title="bbox 1178 5743 1380 5818">
    <p class='ocr_par' dir='ltr' id='par_1_42' title="bbox 1178 5743 1380 5818">
     <span class='ocr_line' id='line_1_84' title="bbox 1178 5743 1380 5818; baseline -0.05 -11"><span class='ocrx_word' id='word_1_429' title='bbox 1178 5789 1187 5807; x_wconf 83' lang='grc'><strong>.</strong></span> <span class='ocrx_word' id='word_1_430' title='bbox 1246 5743 1380 5818; x_wconf 84' lang='lat' dir='ltr'><strong>planities</strong></span> 
     </span>
    </p>
   </div>
   <div class='ocr_carea' id='block_1_35' title="bbox 0 0 2015 6178">
    <p class='ocr_par' dir='ltr' id='par_1_43' title="bbox 0 0 2015 6178">
     <span class='ocr_line' id='line_1_85' title="bbox 0 0 2015 6178; baseline 0 0"><span class='ocrx_word' id='word_1_431' title='bbox 0 0 2015 6178; x_wconf 95' lang='lat' dir='ltr'><strong> </strong></span> 
     </span>
    </p>
   </div>
  </div>
 </body>
</html>
