3952 6176
228 353 283 413 ‘lbi
760 351 895 412 amelin
919 351 1075 414 uebht'et
1086 347 1351 417 metuemus.
1801 367 1843 426 ra

224 475 340 545 udum,
350 471 482 531 videlieet
494 471 704 529 Theodericum
710 473 852 530 malellcio
862 477 1029 533 trevenano
1040 477 1069 539 A
1080 475 1150 532 dum
1164 491 1230 533 cum
1241 493 1310 550 rege
1325 477 1361 533 ad
1376 477 1844 553 locumcertamioispropsraretoc·

224 566 372 630 necatum,
389 564 475 634 etque
488 561 550 633 ejus
565 559 649 630 lilios,
666 564 698 616 ut
719 561 870 618 adversum
886 579 934 618 me
955 563 1031 619 bella
1081 564 1169 620 currit
1184 565 1223 620 eis
1239 566 1359 621 nuntius
1371 565 1483 622 diceus:
1494 565 1709 622 «Adversarium
1722 569 1846 639 ejusdum

227 651 387 718 mererent,
404 663 562 720 persuasos,
579 652 637 704 tres
652 666 686 705 ex
699 649 777 722 ipsis,
793 667 825 706 ac
840 651 863 705 si
875 667 950 718 reos,
966 651 1030 706 neci
1080 652 1116 707 ad
1126 652 1847 728 designatumoccurrerefestinaretlooummquocer·

226 753 289 794 esse
312 735 442 794 traditos.
466 737 556 793 Silere
576 738 654 794 mmo
682 737 911 794 innumerabiles
923 738 1030 795 ducum
1079 738 1179 808 ruisse,
1189 740 1311 814 vitasque
1337 742 1497 797 terminum
1509 741 1653 810 incurisse,
1668 743 1753 798 »Tunc
1768 761 1810 799 rer
1819 747 1849 801 ad

225 828 345 898 strages,
359 843 423 899 quae
442 827 541 883 utrum
552 827 629 898 juste
642 843 679 882 an
695 825 799 898 iniuste
814 826 1031 899 luerintperpe·
1080 828 1199 883 beatum
1215 843 1368 885 conversus
1382 829 1490 886 virum:
1507 851 1520 879 ι
1537 830 1654 898 letare,
1668 830 1850 902 inquitamao·

224 915 319 980 trata,
336 929 396 970 non
407 917 451 970 est
460 913 541 970 istius
553 913 696 986 temporis
708 912 861 986 explicare,
870 914 1029 970 dummodo
1080 915 1188 970 tissime
1194 915 1318 987 juvenis,
1328 917 1395 989 quia
1408 917 1547 973 Dominus
1564 917 1756 973 defensorlnns
1764 922 1808 986 est,
1820 937 1849 975 ne

224 1015 285 1070 sos,
313 1001 469 1058 dulcissimi
503 1001 726 1070 commilitones,
755 1004 784 1056 et
807 1001 1030 1073 praeeminentes
1080 1003 1132 1058 tibi
1146 1005 1352 1076 nocerepossit
1367 1005 1512 1062 inimicus.
1529 1025 1545 1058 »
1560 1007 1628 1062 Post
1641 1007 1697 1062 hac
1710 1008 1850 1064 cathedram

226 1089 352 1145 Fraueiae
361 1089 515 1162 primores,
529 1089 691 1145 decernatis
705 1089 750 1144 cui
765 1090 911 1161 subjaceat
921 1090 1028 1162 suppli·
1080 1092 1271 1164 episcopalem
1286 1095 1413 1163 sortitus,
1441 1095 1621 1152 admirandis
1631 1095 1660 1152 in
1675 1096 1772 1154 mundo
1781 1098 1852 1155 nuu-

225 1175 269 1231 cio
283 1176 356 1232 tanti
370 1177 493 1234 obnoxia
506 1177 633 1233 sceleris.
648 1176 908 1232 »declamantibus
920 1178 1029 1232 cunctis
1080 1181 1142 1236 tum
1157 1180 1262 1237 enituit
1278 1181 1371 1242 bonis.

224 1263 362 1320 inauditis
371 1281 436 1322 eam
443 1263 655 1336 deheresubjioi
662 1264 1029 1336 pmnisjubetindomitum
1395 1289 1507 1346 CApUT
1523 1291 1569 1349 ΠΙ.

224 1351 352 1408 willeri
366 1369 484 1426 minum,
497 1354 645 1426 irimque
661 1353 831 1408 fflifflffimffl
841 1353 951 1424 1'‘³85⁰ae
962 1368 1029 1408 Μ
1079 1374 1120 1429 De
1133 1373 1265 1430 Mauricii
1279 1378 1445 1447 imperatoris
1465 1395 1526 1433 oum
1548 1379 1614 1446 filiis
1628 1378 1702 1447 code,
1715 1379 1745 1434 dc
1761 1396 1788 1433 ue
1799 1381 1855 1449 ejus·

224 1439 349 1496 brachiis
362 1441 461 1498 caude
470 1441 531 1513 aius
546 1440 720 1514 colligariac
731 1441 852 1496 demum
863 1442 900 1496 ad
913 1455 1029 1496 cursum
1114 1445 1173 1500 dun
1182 1446 1298 1500 meritus
1300 1450 1397 1517 pronis
1404 1453 1430 1504 et
1436 1451 1592 1518 penitentie
1599 1396 1858 1505 catassamitum

225 1527 373 1583 coomtari.
394 1529 498 1602 Sisque
517 1528 654 1601 inprime
669 1527 781 1599 impetu
795 1529 937 1584 currentis
962 1530 1030 1601 equi
1115 1515 1227 1587 latam
1236 1519 1410 1573 “immilem
1421 1519 1555 1591 AEltims
1565 1525 1591 1574 ⁰²
1599 1520 1633 1575 ἀΰ
1643 1519 1669 1574 Ρ
1668 1519 1857 1591 ΜΕΡΡίθῑΜῖῑθ·

224 1615 348 1671 calcibus
354 1617 505 1673 cerebrum
513 1616 879 1689 dispersum.lleliquasere
885 1617 1030 1686 membru,
1116 1623 1191 1676 Dum
1202 1621 1265 1678 haec
1279 1623 1435 1680 Galliarum
1462 1625 1493 1680 in
1508 1625 1638 1697 partibus
1648 1625 1785 1698 geruntur,
1795 1625 1857 1680 lluu·

226 1719 280 1778 per
292 1720 394 1776 aspere
418 1723 539 1780 quasque
563 1707 691 1762 sentibus
713 1707 866 1779 rupibusve
885 1711 1032 1779 protracta
1080 1708 1161 1765 ritius
1176 1711 1560 1785 Augustuspostquamuno
1574 1711 1860 1784 aerigintiannisrsrit

224 1793 443 1867 loca,dissipata
457 1797 533 1850 sunt.
554 1796 634 1851 Hunc
644 1795 842 1852 Brunechildis
859 1795 966 1851 exitum
984 1799 1030 1851 tu·
1042 1767 1069 1840 B
1080 1796 1247 1868 imperium,
1261 1816 1327 1854 curn
1343 1799 1410 1855 liliis
1425 1800 1597 1869 Theodosio,
1623 1799 1747 1874 tyberio,
1761 1801 1787 1855 et
1798 1799 1859 1853 Ceu-

222 1879 265 1950 lit,
279 1881 384 1938 mulier
395 1881 425 1937 in
436 1882 567 1939 oedibus
576 1883 809 1956 propinquorum
817 1883 943 1939 maxime
952 1901 1031 1940 exerr-
1080 1885 1218 1956 stantino,
1230 1888 1339 1956 areca,
1349 1888 1397 1959 qui
1411 1888 1465 1942 luit
1481 1890 1587 1945 strator
1609 1888 1696 1944 Prisci
1702 1886 1812 1959 patricii,
1826 1901 1861 1941 ec·

224 1967 327 2036 eitata3
340 1970 939 2044 quibusexstiuctispossessionemeorum
949 1973 1030 2046 quasi
1081 1972 1195 2029 ciditur.
1221 1975 1283 2031 Fuit
1312 1978 1410 2032 autem
1443 1977 1522 2032 utilis
1556 1975 1728 2049 reipublice.
1753 1975 1860 2047 lienique

224 2058 350 2131 spolium
359 2059 575 2132 suisiuuxerat.
592 2060 643 2116 (lui
661 2062 795 2117 secundus
809 2077 855 2116 res
866 2062 1029 2134 superbiam
1080 2064 1181 2117 contra
1211 2064 1307 2119 hostes
1342 2063 1493 2133 dimicans,
1526 2081 1603 2137 saepe
1632 2063 1774 2120 victoriam
1800 2061 1862 2118 obti-

218 2147 1030 2223 'augebantutmuliebrisimpotentiasupramodumsese
1081 2149 1152 2206 nuit.
1169 2151 1243 2207 Huni
1259 2169 1386 2224 quoque,
1400 2151 1449 2225 qui
1461 2157 1491 2208 et
1502 2154 1608 2209 Avares
1624 2149 1862 2226 appellantunejus

223 2234 383 2292 extolleret.
394 2235 451 2290 Nec
460 2238 558 2292 tamen
567 2252 599 2292 ex
608 2239 669 2292 toto
677 2237 820 2293 itavecors
832 2237 1028 2310 exstititque
1079 2237 1183 2294 nnete
1198 2239 1300 2294 deuicti
1309 2243 1386 2295 sunt.
1398 2240 1448 2295 llio
1460 2241 1556 2297 medio
1568 2241 1683 2314 imperii
1693 2239 1733 2296 sui
1741 2243 1862 2310 tempore,

222 2321 274 2377 Dei
285 2325 492 2379 namnetorum
499 2325 560 2395 eJ'us
568 2323 734 2392 memorias,
746 2324 1030 2395 aproedecessoribus
1080 2325 1150 2380 dum
1164 2325 1268 2382 divine
1280 2328 1337 2400 legi
1349 2329 1508 2384 contrarias
1516 2329 1726 2402 preceptiones
1734 2327 1830 2393 ederet,
1839 2326 1862 2379 et

222 2411 354 2478 structas,
381 2411 586 2467 venerabiliter
624 2414 776 2481 excoleret,
805 2413 923 2485 ipsaque
942 2427 1029 2468 novas
1079 2413 1864 2488 abestoGregoriofrequenteradmonitns‚eascerrigere

222 2495 393 2554 lubricando
401 2498 504 2554 devote
517 2498 732 2571 multiplicaret.
740 2500 812 2555 Nam
822 2499 852 2554 in
863 2500 1028 2558 suburbano
1079 2501 1178 2568 nollet,
1194 2501 1254 2558 imo
1271 2501 1368 2558 eidem
1381 2503 1440 2558 viro
1453 2503 1510 2571 uei,
1520 2503 1587 2576 quia
1599 2504 1682 2560 factis
1691 2520 1749 2559 nen
1759 2501 1864 2574 poterat,

223 2584 405 2642 bandunensi
418 2586 567 2644 basilicam
585 2587 614 2643 in
629 2587 741 2643 honere
756 2587 847 2644 sancti
869 2589 1029 2644 construxit
1078 2587 1171 2643 serbis
1184 2589 1305 2661 iujurias
1315 2590 1443 2662 irrogare
1451 2607 1509 2646 non
1520 2590 1680 2660 desisteret,
1689 2590 1739 2646 tali
1751 2587 1866 2646 mernita

223 2671 366 2729 lbncentii
383 2675 432 2744 ;at
454 2676 532 2747 apud
554 2676 796 2748 Augustodunum
811 2676 899 2731 aliam
929 2679 1027 2732 sancte
1078 2675 1202 2732 Domino
1218 2677 1425 2750 redargutione
1438 2679 1708 2745 coerceriQuidam
1716 2675 1865 2734 monachice

222 2759 351 2816 denicari
359 2761 582 2832 jussitllartlno,
592 2779 644 2818 usa
656 2762 822 2819 necessariis
834 2763 871 2819 ad
885 2765 940 2818 hoc
957 2781 1029 2837 opus
1079 2763 1225 2820 schemate
1241 2765 1655 2839 adopertusGonstantinopoli
1669 2768 1867 2840 degenserem·

221 2846 392 2904 ministeriis
405 2850 581 2906 venerabilis
595 2849 648 2906 viri
663 2849 778 2922 siagrii,
792 2850 937 2923 praedictus
951 2851 1028 2908 urbis
1077 2854 1159 2924 ptam
1169 2853 1273 2926 vagina
1284 2854 1417 2925 spatham
1430 2871 1447 2910 a
1460 2858 1545 2926 porta
1555 2855 1772 2927 ciuitatisusque
1781 2853 1868 2908 adsta-

221 2933 640 3010 eptmpi,31ultisqupd0m0t
664 2937 727 2995 alii,
752 2939 782 2994 in
803 2939 871 2994 100ss
895 2940 947 2994 sub
975 2956 1026 2995 no·
1076 2933 1866 3006 tuamgladiatoris,quaeinmcdioForieratpositoper

221 3023 302 3078 mine
316 3024 533 3082 sanetillartini
545 3025 716 3099 magnificas
729 3025 860 3082 fundavit
873 3026 1025 3097 ecclesias;
1077 3019 1183 3083 ferens,
1201 3022 1398 3094 pronuntiavit
1418 3023 1628 3095 imperatorem
1650 3023 1744 3097 gladic
1766 3019 1868 3094 punien-

167 3115 170 3126 ’
219 3109 440 3184 itnmsihiprae
468 3113 581 3170 ceteris
595 3113 1028 3186 adjumentoreconssdsnset
1077 3109 1157 3164 dum·
1170 3109 1253 3174 Quod
1263 3110 1639 3182 Augustosauoiens,va1ue
1649 3109 1867 3185 pertinuissen-

219 3197 395 3256 resudante
407 3217 573 3274 exposcens.
591 3201 731 3270 AEdillcia,
751 3217 820 3258 sene
834 3203 870 3257 ab
883 3201 945 3275 ipsa
956 3219 1027 3258 oen·
1077 3199 1197 3270 tumque
1213 3197 1369 3269 quemdam
1385 3197 1559 3271 praefectorii
1587 3200 1700 3255 ordinis
1721 3197 1809 3253 virum
1822 3190 1867 3248 sihi

218 3287 328 3343 musta
339 3303 429 3360 usque
440 3287 470 3346 lu
480 3289 536 3345 hoc
545 3292 663 3362 tempus
677 3288 820 3357 durantia,
834 3289 1027 3345 ostenduntur
1076 3283 1345 3353 familiarissimum,
1362 3285 1525 3342 ssd-sanctes
1544 3285 1575 3342 in
1598 3285 1755 3360 superioris
1766 3279 1867 3354 AEgypb'

219 3375 450 3432 tum-innumera
463 3379 498 3431 ut
510 3375 681 3433 incredibile
696 3375 825 3433 videatur
837 3376 873 3432 ab
889 3393 948 3432 una
960 3393 1024 3433 mu·
1076 3387 1175 3428 eremo
1192 3377 1345 3428 manentes
1356 3389 1424 3430 cum
1436 3373 1542 3430 exeniis
1554 3370 1868 3445 cereorumaothymn·

218 3461 301 3528 liare,
318 3466 349 3519 et
374 3463 405 3520 iu
429 3463 545 3520 Austris
572 3465 776 3520 tantummodo
803 3466 833 3520 et
860 3465 1026 3536 burgundia
1074 3461 1137 3514 tum
1150 3460 1230 3516 misit
1243 3461 1324 3516 omni
1344 3475 1411 3517 cum
1426 3461 1588 3532 devotione,
1606 3463 1765 3536 deposcens
1779 3461 1808 3514 ut
1820 3471 1865 3528 pro

217 3553 373 3624 nguento,
389 3555 470 3608 tanta
485 3552 515 3607 in
540 3554 601 3607 tem
616 3551 732 3608 diversis
751 3551 878 3608 Franciae
896 3553 1025 3624 partibus
1075 3562 1105 3603 se
1120 3547 1235 3604 bomini
1251 3551 1609 3606 exorarentclsmentiam.
1625 3545 1869 3624 ipsequoquepies

218 3639 282 3695 lieri
291 3640 428 3712 putruisse.
444 3641 485 3695 lla
495 3643 594 3696 autern
606 3655 672 3696 eum
688 3639 748 3696 lilio
760 3643 790 3695 et
804 3640 957 3713 nepotibus
971 3657 1023 3713 gu·
1075 3633 1238 3692 Conditoris
1251 3637 1294 3692 sui
1310 3653 1392 3693 aures
1406 3638 1452 3694 die
1468 3642 1613 3712 noctuque
1625 3656 1687 3694 nen
1697 3637 1780 3694 desiit
1789 3632 1868 3708 preci·

218 3726 360 3784 bernante
385 3743 520 3800 regnam,
542 3727 620 3800 apud
641 3727 754 3795 Gallim,
781 3727 886 3785 diune
912 3727 1025 3785 virtutis
1074 3723 1126 3778 bus
1137 3726 1262 3797 pulsare,
1281 3741 1313 3781 ao
1328 3728 1359 3780 ut
1374 3743 1424 3781 sua
1444 3725 1474 3781 in
1499 3727 1636 3797 praesenti
1657 3724 1869 3798 potiuerilape

218 3814 313 3886 mutia
330 3813 470 3882 irradiati,
485 3811 628 3872 lulserunt
642 3816 728 3873 veluti
750 3815 915 3887 luminaria,
938 3817 1023 3873 Etbe·
1075 3810 1150 3866 niret
1164 3813 1342 3885 peccamina,
1358 3830 1409 3868 1¹0⁰
1420 3816 1548 3870 servaroi
1559 3831 1594 3869 0³
1604 3815 1643 3870 ad
1658 3811 1868 3881 subeundeper·

156 3949 163 3958 .
217 3900 1024 3977 riusLugdunensisarchiepiscopus,Siagu-iushuguste·
1074 3897 1868 3974 petuiignisinoendia‚nendestititimplorare.Redicns

217 3988 365 4058 dunensis,
389 3990 554 4048 &siderius
573 3991 752 4060 Viennensis,
772 3993 914 4048 aunarius
927 3993 1022 4048 Antis·
1074 4003 1161 4059 porro
1178 3988 1466 4060 praelectusasanctis
1477 3989 1622 4058 solitariis,
1634 3987 1868 4062 imperatorium·

216 4074 405 4143 mucosis,
419 4095 486 4135 cum
503 4080 594 4137 fratre
611 4082 753 4137 Austreno
776 4080 974 4137 aurelianensi
993 4083 1022 4136 ct
1072 4077 1157 4135 clarit
1173 4078 1283 4134 dicens:
1299 4100 1313 4130 o
1327 4077 1430 4134 incola
1444 4078 1606 4134 solitudinis
1621 4077 1716 4134 sancti
1735 4075 1787 4131 riri
1800 4071 1867 4128 dire·

217 4163 413 4224 columbanus
425 4169 510 4226 abba.
1070 4167 1139 4222 runt
1151 4164 1223 4221 mihi
1242 4166 1320 4239 quod
1334 4165 1504 4224 humilitatis
1528 4171 1585 4224 ture
1609 4183 1714 4240 preces
1729 4160 1869 4220 exaudiens

545 4273 658 4331 GApUT
675 4275 708 4334 ῃ·
1069 4254 1155 4323 Deus,
1173 4254 1353 4327 sempiterna
1367 4255 1484 4327 quidem
1501 4271 1561 4311 non
1582 4258 1612 4310 te
1631 4255 1760 4328 privaret
1773 4246 1867 4324 gloria}

216 4359 258 4418 be
271 4361 447 4434 Auslrepr'sr‘lo
455 4363 570 4436 praesule
585 4369 686 4431 coneto,
707 4363 777 4433 sutae
799 4367 958 4418 occusoteet
971 4321 1269 4442 mini'efflmstfnefl
1296 4342 1393 4442 'hujus
1423 4343 1592 4416 t⁰¹¹¹l³⁰i¹²¹i⁵
1628 4345 1865 4438 h⁰¹¹⁰f⁰¹¹¹³uq¹¹⁰

323 4435 446 4491 montore
452 4441 581 4507 perpete,
596 4434 678 4506 deque
691 4434 749 4504 ejus
762 4435 909 4489 soucdtote.
1067 4428 1326 4504 frueris,1mpern‚
1347 4447 1414 4486 cum
1435 4447 1544 4502 magna
1561 4447 1578 4486 a
1604 4434 1635 4486 te
1656 4430 1783 4486 auferret
1795 4437 1867 4496 iguo·

249 4522 452 4595 hustregisilus
472 4539 588 4596 quoque
610 4521 794 4578 bituricensis
822 4521 1017 4594 archipresul,
1070 4519 1204 4575 minis.»
1227 4521 1343 4575 Gasisus
1365 4523 1410 4574 est
1433 4519 1595 4592 imperator
1613 4520 1696 4594 quia,
1720 4517 1773 4576 etsi
1787 4520 1867 4572 trane

213 4609 263 4683 qui
277 4609 587 4684 sibiregeGuntranno
599 4610 687 4666 diuin
701 4609 810 4682 palatio
824 4615 1016 4680 conversatus,
1070 4607 1156 4664 iteris
1173 4623 1232 4663 non
1258 4607 1399 4679 effugerat
1424 4607 1511 4676 mala,
1531 4624 1591 4663 uon
1616 4608 1755 4682 perderet
1779 4608 1866 4659 umen

210 4713 347 4774 mappam
375 4700 403 4756 ei
438 4700 476 4756 ad
514 4698 706 4770 extergendas
742 4699 872 4771 prebere
900 4715 1019 4756 censue-
1069 4695 1325 4768 praeparatajustis
1335 4696 1465 4768 praemia.
1477 4699 1517 4752 hc
1526 4696 1621 4768 ipsum
1631 4697 1722 4752 etiarn
1732 4693 1781 4750 tali
1790 4687 1867 4747 soluit

211 4791 419 4845 veratmanus.
448 4787 497 4843 llic
526 4786 656 4861 quadam
684 4787 776 4844 vicea
804 4787 931 4860 quodam
953 4803 1017 4858 pes·
1070 4799 1196 4856 superna
1208 4783 1316 4839 visione
1331 4783 1473 4839 consolari
1483 4783 1768 4857 dignatio.0uadam
1780 4781 1863 4840 noch,

211 4875 293 4932 sime
321 4876 428 4933 meotis
453 4876 574 4933 bomine
599 4876 672 4933 laiso
698 4879 856 4944 accusatus,
884 4878 1018 4950 quaedam
1070 4874 1128 4928 alto
1150 4871 1302 4946 depressus
1327 4887 1442 4944 sopore,
1467 4871 1538 4928 vidit
1561 4889 1591 4928 se
1616 4889 1710 4928 aenem
1726 4865 1867 4926 salvatoris

208 4963 317 5038 abque
328 4963 458 5036 jussione
471 4963 610 5038 principis
634 4964 741 5038 scripta
765 4963 931 5034 coniecisse,
948 4965 1018 5020 dum
1070 4959 1203 5034 imagini,
1211 4962 1350 5033 quaeante
1360 4960 1541 5034 lorcspalatii
1552 4959 1647 5034 posita
1655 4963 1729 5028 erat,
1737 4957 1865 5017 assistere,

209 5050 240 5108 id
266 5053 366 5110 sedulo
396 5054 566 5127 denegaret,
577 5052 698 5126 jubetur
725 5070 743 5110 a
769 5067 840 5128 rege
859 5052 947 5110 armis
970 5053 1019 5110 ob·
1070 5053 1100 5106 et
1115 5065 1166 5105 ver
1182 5066 1217 5104 ex
1238 5050 1300 5121 ipso
1317 5048 1460 5106 incarnati
1485 5049 1570 5106 Verbi
1590 5051 1761 5106 charactere
1781 5042 1868 5101 anthia

205 5141 444 5217 jectarepcllera.
454 5141 509 5208 Qui
522 5141 647 5200 diluculo
659 5159 791 5217 surgens,
804 5144 874 5200 dum
885 5158 937 5214 per
949 5157 1017 5216 pue·
1069 5141 1122 5208 est,
1138 5139 1238 5194 dicens
1248 5155 1254 5193 :
1265 5157 1280 5192 e
1290 5139 1359 5194 [lato
1370 5138 1547 5197 ltaurioium.
1557 5140 1616 5195 »Et
1625 5133 1867 5228 apprehendentes

208 5248 275 5290 ruso
287 5249 408 5290 omnem
421 5247 540 5288 suerum
553 5235 728 5305 apparatum
743 5247 893 5290 armorum
909 5228 1015 5287 deterri
1067 5243 1135 5284 eum
1150 5227 1269 5300 quidam
1286 5226 1396 5299 ignotus
1416 5227 1519 5283 formes
1545 5231 1575 5284 et
1588 5227 1728 5288 claritatis
1741 5221 1864 5282 ministrs,

209 5320 323 5376 locimt
343 5321 373 5376 in
389 5337 537 5392 campum,
554 5321 632 5376 etad
654 5321 832 5378 exorandum
858 5318 1015 5376 Dominum
1066 5319 1230 5373 statuerunt
1243 5318 1310 5370 ante
1324 5316 1508 5388 praesentiam
1525 5317 1807 5389 loquentislloxque
1820 5309 1865 5363 ite·

209 5409 361 5468 eeclesiam
374 5410 450 5478 luenti
460 5409 583 5466 Marcelli
594 5413 751 5484 expeteret,
763 5408 887 5464 obvianti
895 5407 1015 5482 pauperi
1065 5421 1130 5462 rom
1143 5404 1249 5473 sonuit,
1259 5404 1550 5476 interrogansillum:
1565 5429 1579 5456 a
1589 5404 1666 5469 Quid
1680 5402 1772 5476 magis
1785 5397 1864 5493 elige·

209 5503 239 5556 et
253 5499 467 5574 eleemosynam
484 5500 609 5573 roganti,
624 5499 763 5556 trientem
784 5497 894 5559 tribuit.
917 5497 1014 5571 sicque
1066 5495 1122 5561 rat,
1137 5495 1235 5548 utrum
1247 5492 1277 5547 in
1293 5492 1347 5548 iste
1358 5493 1461 5548 seculo
1475 5509 1539 5566 quae
1552 5492 1865 5566 nequitcregeratrecr·

210 5587 337 5650 orationi
348 5586 490 5649 incubuit.
504 5585 561 5646 Nec
576 5586 667 5646 deluit
679 5586 805 5646 orationi
816 5585 1018 5644 affectualium
1069 5597 1149 5656 pere,
1167 5598 1204 5640 au
1218 5582 1316 5640 laturo
1331 5599 1366 5640 oa
1385 5597 1498 5642 sarvam
1522 5583 1661 5641 examini.
1679 5603 1694 5633 u
1711 5579 1760 5638 Cui
1771 5571 1863 5635 daun·
