3932 6174
254 411 310 483 eta
859 415 1001 481 tornois
1020 409 1302 484 cucumerario
1813 426 1860 493 eq

231 563 233 573 ’
251 545 386 602 balurum
400 541 585 600 densissimas
596 540 840 616 aciesvegetabat.
854 546 887 600 ln
901 543 998 600 medio
1010 548 1094 608 eeu-A
1107 560 1226 616 parvam
1236 544 1395 600 aeclesiam
1409 541 1862 622 inbonorelleietsanctitohannia

251 637 312 692 tem
325 634 422 689 littore
438 633 528 690 nubes
542 633 591 689 illa
605 631 808 690 candidissima
822 650 887 690 cum
898 634 955 690 suis
969 633 1057 690 radiis
1107 632 1180 687 sicut
1192 633 1270 690 idem
1282 636 1396 690 sanctus
1407 631 1531 705 baptista
1544 633 1595 706 ipsi
1614 635 1702 693 llauro
1721 641 1863 710 ostenderat,

250 721 338 781 stetit.
352 721 396 779 nd
414 736 503 796 quam
514 737 583 779 cunr
595 722 766 791 accessisset,
782 721 933 796 splendida
947 721 1055 780 canicie
1102 725 1185 807 juxta
1208 723 1315 778 atrium
1332 722 1758 796 episcopiimiralpulcbritudine
1768 728 1865 786 ediffica-

249 828 350 868 senem
364 810 510 885 quendam
534 811 565 866 irr
587 809 796 884 speciosissima
816 810 883 867 sede
905 811 1055 867 sedentem
1105 815 1217 868 verunt.
1232 813 1262 867 ln
1273 811 1335 884 ipsa
1343 827 1457 885 quoque
1468 811 1737 884 baptismatislontes
1745 823 1864 888 ponentes,

249 901 327 958 inira
336 900 429 977 ipsam
438 901 547 957 nubem
556 900 768 973 contemplatus
779 904 831 970 est,
839 917 904 956 cum
916 917 972 974 quo
981 901 1057 957 vide·
1106 901 1214 960 mirum
1229 900 1259 956 in
1275 901 1396 962 madum
1411 916 1465 972 per
1486 903 1611 958 occultes
1632 905 1734 959 meatus
1743 905 1770 960 in
1782 905 1866 963 eadem

248 989 316 1046 licet
325 988 439 1062 juvenis
453 988 572 1063 quidam
601 993 673 1057 erat,
694 988 811 1045 insimul
827 989 1054 1046 confabulantes.
1105 989 1234 1045 fontibus
1245 1006 1336 1046 aereas
1348 990 1506 1046 bestiarum
1519 990 1658 1064 imagines
1671 1007 1750 1065 aquas
1762 1009 1866 1049 evomere

246 1077 543 1136 Tuncseniorilleait
557 1077 654 1134 eidem
666 1079 763 1134 lleuro
776 1079 1055 1152 presbyter02nltgo
1106 1079 1247 1136 lecerunt.
1270 1078 1317 1136 llis
1342 1079 1439 1152 itaque
1462 1079 1595 1151 peractis,
1623 1079 1742 1154 prelatus
1764 1084 1867 1140 sacerdos

249 1185 313 1224 sum
329 1169 430 1225 Petrus
438 1167 636 1241 apostolorum
645 1167 789 1240 princeps,
801 1184 819 1223 a
830 1167 984 1224 Christiani
993 1183 1057 1240 gre·
1105 1168 1218 1224 blaurus
1231 1184 1330 1224 secum
1344 1168 1424 1224 duxit
1438 1169 1558 1225 Aurium
1573 1168 1715 1225 tribunum
1729 1171 1762 1225 ad
1773 1172 1866 1228 littnsin

145 1275 150 1286 *
248 1258 292 1332 gis
304 1261 420 1332 pastore
432 1256 612 1326 constitutus,
626 1260 658 1313 ut
686 1255 774 1330 ipsius
799 1272 916 1328 pascam
938 1272 1003 1312 oves
1027 1259 1056 1312 et
1105 1273 1162 1329 quo
1188 1260 1287 1313 saneta
1306 1257 1359 1314 sibi
1376 1259 1550 1330 apparuerat
1576 1257 1691 1315 lustina.
1710 1259 1795 1332 Ibique
1807 1259 1868 1332 juxta

249 1364 349 1421 agnos.
366 1348 446 1404 Nunc
458 1347 804 1421 inpeccatorumtuorum
817 1345 988 1404 remissione
1002 1344 1055 1402 tibi
1105 1348 1183 1419 quod
1192 1346 1221 1402 in
1236 1347 1350 1420 prelata
1363 1347 1472 1403 visione
1487 1346 1541 1402 sibi
1556 1349 1710 1405 revelatum
1721 1348 1810 1418 luerat,
1819 1365 1868 1421 par-

248 1437 381 1512 injungo,
396 1437 531 1511 quatinus
545 1437 582 1494 ad
596 1435 806 1493 Doibonorem
831 1435 892 1509 (sol.
921 1437 959 1503 2')
981 1435 1053 1491 etin
1104 1451 1170 1491 vam
1185 1435 1343 1493 aecclesiam
1359 1437 1609 1494 construerelecit.
1621 1437 1724 1494 Deinde
1734 1438 1868 1494 venientein

248 1525 307 1582 mei
319 1525 446 1583 nominis
459 1526 542 1582 titulo
553 1525 711 1582 honorilice
720 1525 749 1582 in
758 1526 884 1582 hocloco
895 1525 1053 1605 aecclesiam
1103 1523 1183 1582 littus
1194 1526 1223 1580 in
1235 1542 1292 1598 quo
1300 1525 1435 1598 gencium
1445 1542 1478 1582 ac
1486 1525 1576 1583 boum
1590 1525 1641 1584 sibi
1651 1531 1805 1600 apparuerat
1814 1529 1868 1584 mul·

247 1614 372 1672 fundare
385 1615 511 1684 studeas,
523 1617 554 1670 ut
578 1614 608 1672 in
631 1613 757 1671 natalicii
770 1613 828 1671 mei
843 1614 890 1671 die
905 1615 1053 1672 universus
1103 1614 1207 1684 titudo,
1222 1615 1379 1672 secundum
1393 1615 1471 1689 quod
1493 1617 1523 1672 in
1538 1617 1651 1690 prelata
1667 1617 1821 1674 revelatione
1831 1617 1867 1673 sib·

247 1705 430 1762 Torcellanus
444 1705 567 1779 populus
593 1703 623 1760 in
644 1721 679 1760 ea
702 1705 906 1778 congregetur.
923 1703 1054 1761 »iunior
1100 1703 1212 1775 jussum
1227 1703 1331 1768 luerat,
1347 1705 1506 1762 ecclesiam
1515 1704 1544 1761 in
1560 1707 1670 1763 honore
1684 1707 1767 1763 sancti
1780 1708 1839 1762 Petri
1849 1710 1869 1761 et

248 1809 316 1852 vero
328 1792 445 1867 ille,qui
459 1809 526 1850 cum
540 1809 574 1849 eo
590 1796 663 1861 erat,
679 1793 765 1849 dixit:
784 1794 866 1866 «Ego
878 1810 942 1850 sum
957 1810 1053 1850 servus
1104 1791 1191 1848 aliam
1205 1807 1324 1864 parvam
1341 1793 1491 1850 ecclesiam
1507 1793 1538 1850 in
1549 1795 1661 1851 honore
1672 1794 1870 1850 sanctitutonini

247 1882 300 1940 Dei
314 1881 435 1940 nemine
444 1880 617 1949 Antoninus,
624 1880 673 1954 qni
682 1897 735 1954 pro
746 1881 851 1938 Christi
860 1882 980 1939 nomine
992 1901 1055 1956 pas
1067 1860 1094 1922 Β
1105 1880 1240 1954 martyris
1254 1880 1482 1939 edifficaverunt.
1498 1881 1590 1939 bittus
1602 1885 1697 1940 autem
1705 1883 1784 1940 boum
1794 1881 1870 1937 sunu

248 1987 296 2028 sus
309 1971 494 2044 luildeoque
508 1969 635 2044 precipio
651 1969 713 2040 tihi,
723 1974 881 2042 utparvam
896 1971 1055 2029 aecclesiam
1104 1969 1238 2026 tribunus
1253 1970 1401 2026 constituit
1415 1972 1470 2027 boc
1492 1971 1643 2045 appellari.
1656 1971 1757 2029 Deinde
1771 1971 1801 2026 ad
1815 1969 1870 2026 alind

243 2062 328 2137 juxta
339 2059 471 2134 magistri
484 2059 700 2116 meibasilicam
714 2059 746 2116 in
766 2061 878 2117 honore
893 2061 944 2117 Dei
957 2062 987 2117 et
1003 2063 1056 2118 snb
1105 2057 1183 2115 littus
1207 2059 1387 2116 transfretari
1411 2061 1571 2134 cupientes,
1601 2060 1768 2117 albissimam
1791 2059 1871 2114 nubenr

247 2151 331 2208 titulo
348 2149 474 2208 nominis
488 2148 547 2206 urei
562 2148 699 2205 edilflces.
721 2149 813 2205 Niehil
842 2153 941 2206 tamen
969 2149 1057 2206 alieni
1106 2165 1193 2222 supra
1206 2147 1286 2205 idad
1300 2146 1871 2223 quodtendebantlittusviderunt.ldquod

248 2239 344 2315 operis
356 2239 434 2295 inter
449 2242 584 2311 utrasque
610 2237 706 2294 facero
726 2254 885 2310 presumas.
910 2241 941 2294 ln
964 2237 1057 2312 quasi
1107 2255 1172 2295 cum
1189 2239 1396 2310 pervenissent,
1411 2243 1601 2296 evanescente
1613 2241 1698 2308 nube,
1711 2238 1873 2295 secundusnea

249 2327 402 2404 quisjustc
417 2343 450 2384 ac
465 2327 568 2383 devota
592 2329 692 2382 mente
714 2326 824 2400 aliquid
838 2327 968 2399 pecierit,
985 2328 1057 2384 meis
1107 2346 1164 2403 que
1178 2328 1236 2385 illic
1260 2332 1451 2402 reppererant
1472 2329 1557 2402 signa
1573 2329 1728 2386 aecclesiam
1741 2327 1768 2384 io
1788 2327 1872 2384 honere

247 2417 381 2494 precibus
405 2415 482 2488 apud
496 2417 588 2472 Deum
603 2413 734 2472 obtinere
755 2431 815 2470 non
830 2415 969 2488 ambiget.
983 2415 1057 2472 Cave
1107 2419 1209 2477 domni
1222 2413 1613 2477 Salvatorisedillleaverunt.
1624 2423 1663 2477 Ex
1669 2419 1771 2492 prefate
1784 2416 1872 2492 quiden

248 2511 282 2564 ut
294 2505 429 2565 sicuttibi
456 2503 712 2579 designaverimus,
741 2504 830 2578 ipsius
855 2505 996 2562 aecclesias
1007 2523 1056 2564 ex·
1106 2508 1171 2564 albe
1184 2506 1268 2564 nubis
1282 2507 1401 2576 visione,
1416 2509 1495 2565 littus
1508 2510 1616 2566 Album
1627 2509 1703 2566 idern
1709 2504 1872 2564 Auriustribu·

249 2601 346 2654 truere
360 2594 458 2652 facias.
474 2615 489 2646 o
499 2594 531 2650 ln
542 2597 678 2667 quartum
689 2595 786 2650 autem
800 2611 867 2650 cum
879 2595 1057 2669 pervenisset
1107 2613 1161 2652 nus
1167 2595 1239 2654 illud
1254 2596 1402 2654 constituit
1417 2597 1577 2656 nominari.
1586 2589 1631 2656 ld
1645 2599 1726 2672 hujus
1735 2596 1873 2656 litterisver

250 2685 340 2756 littus,
356 2683 449 2741 visum
463 2683 519 2740 luit
533 2683 570 2749 ei,
586 2683 664 2757 quod
678 2685 773 2740 toturn
787 2683 867 2740 littus
878 2683 967 2741 vineis
983 2688 1057 2741 esset
1106 2702 1154 2741 sus
1167 2685 1314 2742 dexteram
1321 2687 1731 2762 gradientcspartem,sicutin
1737 2683 1872 2761 prelatasibi

250 2776 381 2851 plenum,
403 2771 613 2830 maturissimas
632 2789 699 2829 uvas
722 2772 910 2843 habentibus;
934 2776 964 2830 et
991 2789 1056 2831 ecce
1107 2775 1254 2832 ostensum
1268 2774 1363 2832 fuerat
1374 2775 1484 2833 visione
1494 2785 1550 2833 cta
1564 2778 1669 2835 sanctis
1681 2775 1828 2834 martiribus
1837 2771 1872 2827 de·

249 2864 341 2923 nubes
353 2863 412 2932 illa,
424 2879 514 2938 quam
528 2862 614 2935 paulo
628 2863 695 2918 ante
708 2860 843 2928 diximus,
865 2863 999 2936 apperuit
1017 2863 1054 2924 ci.
1106 2863 1747 2936 signatum‚aecclesiaminhonoresanctorum
1753 2863 1873 2921 martum

248 2955 293 3012 Ad
318 2971 407 3030 quarn
430 2970 497 3010 cum
520 2952 693 3024 accessisset,
717 2954 822 3010 decora
838 2953 911 3010 facie
928 2955 1055 3028 puellam
1106 2952 1422 3010 hermetisetllerasmi
1437 2955 1874 3027 edifficaverunt¹⁴²cojusrncrce

249 3044 397 3119 quandam
411 3043 442 3100 in
454 3043 661 3116 sedepreciosa
680 3043 830 3100 sedentem
850 3045 969 3118 aspexit.
995 3044 1056 3110 Que
1106 3042 1148 3098 dis
1162 3042 1303 3114 promissa
1314 3044 1450 3101 locumin
1461 3042 1875 3119 quoaltarialodientcsdcstina·

249 3133 336 3202 dixit:
356 3156 370 3186 e
392 3135 452 3207 Ego
472 3149 538 3189 sum
561 3133 672 3189 lustina
688 3131 779 3205 virgo,
797 3148 852 3208 que
876 3150 928 3206 pro
952 3133 1055 3192 Christi
1069 3139 1093 3200 c
1106 3133 1216 3201 verant,
1226 3132 1384 3205 plurimum
1397 3133 1652 3204 auriinvenerunt,
1664 3138 1692 3192 et
1701 3135 1736 3193 ob
1745 3128 1875 3191 hoellurius

249 3221 369 3281 nomine
384 3221 415 3279 in
425 3220 524 3278 Patavi
538 3219 652 3279 civitate
665 3236 749 3294 passa
760 3221 1055 3296 lui3proejusamore
1105 3220 1238 3278 tribunus
1248 3222 1305 3292 tsot.
1322 3222 1357 3296 θ’)
1373 3223 1452 3280 littus
1477 3224 1617 3282 Mercedis
1631 3223 1772 3282 constituit
1783 3223 1829 3278 hoc
1839 3232 1876 3287 ap·
1925 3215 1926 3232 ¹

247 3315 278 3369 te
290 3312 441 3384 deprecor,
456 3313 488 3366 ut
501 3326 620 3382 parvam
630 3309 791 3366 aecclesiam
800 3309 830 3366 in
841 3309 892 3367 liei
905 3311 1017 3368 honore
1028 3315 1057 3368 et
1105 3310 1218 3384 pellari.

248 3401 307 3458 mei
319 3397 448 3456 nominis
461 3397 742 3455 commemoratione
753 3398 784 3454 in
809 3400 863 3456 boc
878 3399 976 3457 littore
990 3418 1057 3458 con·
1142 3400 1267 3473 Expletis
1280 3400 1324 3458 bis
1334 3402 1480 3474 omnibus,
1494 3405 1549 3462 bec
1564 3405 1667 3464 omnia
1676 3422 1731 3480 que
1745 3418 1820 3477 snpra
1831 3411 1874 3456 ne·

248 3487 463 3546 struerelacias.
475 3508 490 3537 a
500 3486 546 3543 llis
561 3486 697 3544 omnibus
706 3487 803 3543 taliter
811 3489 954 3558 revelatis,
963 3489 1056 3546 visum
1107 3491 1283 3547 moravimus
1295 3491 1639 3566 littoreprelatusAurius
1651 3511 1715 3552 cnm
1721 3491 1812 3550 ceteris
1822 3487 1875 3559 ejus

248 3576 303 3633 sibi
316 3575 412 3634 fuerat
426 3575 457 3631 irr
471 3574 621 3648 enjusdam
633 3575 800 3633 brevissime
812 3577 923 3647 tumbe,
942 3579 971 3642 [i.
983 3582 1058 3638 atu·
1106 3579 1175 3636 dem
1184 3579 1320 3654 episcopii
1329 3583 1544 3655 principibusin
1556 3585 1625 3657 juro
1640 3584 1753 3658 proprie
1768 3579 1874 3639 domina·

248 3665 331 3738 muli]
344 3666 409 3722 loco
423 3662 587 3738 persistere,
603 3661 652 3719 ubi
674 3665 704 3720 et
717 3663 808 3720 nobes
829 3663 878 3721 illa
898 3665 993 3723 lucida
1004 3683 1055 3740 ap·
1105 3669 1194 3726 tionis
1206 3671 1258 3727 suh
1273 3672 1376 3728 eodem
1384 3672 1551 3748 episcopatu
1558 3677 1753 3750 susceperunt.
1763 3666 1876 3742 loquitu

248 3752 394 3830 paralisi,
411 3769 497 3828 supra
518 3768 607 3827 quam
628 3752 719 3810 solem
742 3753 950 3811 illustrantibus
967 3755 1056 3812 radiis
1105 3758 1194 3815 etiam
1209 3760 1315 3817 multos
1330 3761 1471 3834 agricolas
1485 3779 1535 3820 seu
1550 3765 1673 3821 colonos
1685 3757 1877 3820 constituemot²

249 3843 370 3920 aspexit.
384 3844 417 3900 ln
433 3843 536 3900 eadem
551 3850 649 3899 autem
661 3841 911 3918 nubcvirquidam
918 3843 1056 3902 mirabilis
1104 3843 1160 3903 hoc
1171 3847 1269 3922 itaque
1283 3850 1415 3907 modoet
1429 3852 1524 3908 nullm
1545 3852 1577 3908 in
1596 3853 1705 3909 eisdem
1719 3848 1841 3908 littoribus
1851 3840 1878 3896 vi

250 3937 367 4008 aspectu
381 3934 454 4002 erat,
471 3931 568 3991 dicens
583 3932 624 3989 ei:
649 3949 666 3985 ‹
694 3933 753 4005 Ego
769 3950 833 3989 sum
847 3934 992 3992 lohannes
1007 3934 1056 3992 ba·
1105 3951 1174 3992 neas
1194 3938 1238 3992 vel
1259 3937 1378 4012 alicujus
1401 3941 1511 3998 culture
1533 3957 1607 4015 opus
1628 3957 1715 4016 agere
1732 3935 1877 4013 presumeret

249 4019 1055 4098 ptistaprecursorllomini;deprecortepernomenejus,
1106 4023 1168 4080 sine
1183 4025 1501 4098 episcopiconeessione
1512 4031 1556 4086 vel
1567 4030 1788 4088 venundatione.

250 4112 536 4172 utsecunduurbanc
548 4127 638 4186 quam
653 4109 813 4169 tibiinhoc
827 4113 1056 4171 locoostendero
1143 4114 1363 4174 constituerunt
1385 4133 1499 4192 qnoque
1519 4120 1598 4193 quod
1623 4122 1741 4196 singulis
1766 4116 1835 4176 annis
1855 4125 1878 4165 et

251 4201 379 4262 formam
394 4199 553 4258 eccelesiam
565 4198 654 4261 meni
668 4199 918 4259 edilllcarelacias.
933 4223 947 4254 a
960 4204 991 4258 ln
1001 4219 1058 4276 qua
1107 4220 1283 4278 unoquoque
1302 4207 1382 4262 sulcu
1403 4206 1627 4283 uniuscujusque
1648 4211 1738 4268 vineae
1752 4209 1806 4281 jam
1823 4201 1878 4258 dicit

252 4291 300 4348 die
314 4293 459 4364 noctuque
475 4288 654 4346 orationibus
667 4305 700 4346 ac
714 4289 818 4364 vigiliis
828 4289 883 4347 sibi
897 4308 997 4348 vacare
1011 4292 1058 4348 in·
1108 4294 1284 4368 episcopatui
1297 4294 1368 4353 duos
1373 4297 1508 4370 palmites
1518 4295 1879 4364 cumomnibusrarenislrt

250 4380 356 4454 junxit,
371 4395 425 4438 nee
439 4395 499 4436 non
517 4380 704 4452 peraculum
719 4394 753 4435 ac
766 4379 906 4452 scripture
919 4381 1058 4454 paginam
1109 4399 1195 4440 censu
1208 4385 1415 4457 persolverent,
1436 4389 1465 4442 et
1491 4405 1543 4462 pre
1564 4407 1737 4465 unaquaque
1756 4388 1831 4444 domo
1842 4393 1878 4452 prt

219 4475 224 4487 ’
253 4469 440 4526 investicione
456 4467 583 4526 tradidit.
607 4468 655 4524 llis
676 4468 811 4527 omnibus
834 4472 952 4542 expletis
973 4490 1060 4546 snpra
1111 4471 1170 4529 ilaei
1183 4481 1218 4518 ¹⁴¹
1230 4475 1328 4548 precio
1337 4481 1401 4534 octo
1410 4495 1546 4536 nummos
1556 4480 1654 4538 eidem
1670 4473 1831 4553 episcopatui
1839 4473 1878 4526 in·

255 4557 382 4615 ecclesiae
394 4560 501 4614 sanetae
516 4557 611 4613 llarioe
637 4559 745 4614 tectum
768 4557 889 4616 astitisse
904 4559 957 4616 sibi
967 4561 1059 4620 visum
1073 4563 1281 4657 Dpenderent.
1297 4565 1405 4623 Omnes
1418 4568 1778 4644 veropiscariasgurgitum
1786 4581 1813 4621 ac
1820 4560 1879 4633 pell·

254 4647 319 4716 luit,
331 4645 381 4703 ubi
403 4645 495 4704 nimio
518 4645 755 4703 molendinorum
774 4648 896 4722 strepitu
914 4649 964 4722 qui
979 4650 1062 4724 juxta
1111 4652 1881 4733 domprelatosubjugaveruntepiscopio.Putealque

253 4735 406 4811 pressam
420 4733 578 4794 aecclesiam
600 4732 699 4792 adesse
721 4735 903 4806 videbantur,
923 4755 957 4794 ex
975 4739 1062 4812 hujus
1111 4740 1179 4797 dam
1193 4741 1247 4798 elie
1262 4743 1393 4815 ejusdem
1407 4754 1441 4788 1⁴⁴
1458 4745 1642 4821 episcopatus
1664 4749 1757 4820 partes
1779 4744 1804 4798 in
1823 4731 1880 4792 censi

254 4825 351 4901 quiete
361 4823 478 4884 visionis
488 4823 953 4900 sompnoexpergelnctus,scripti
964 4828 1023 4900 (fol.
1034 4827 1061 4901 3)
1112 4828 1880 4907 debitumqueetgallinasofferebant.emniumutem

254 4915 390 4972 uolumen
404 4916 433 4972 et
447 4913 567 4970 anulum
577 4911 677 4969 in'suis
691 4913 820 4986 repperit
831 4915 974 4974 manibus.
995 4917 1061 4973 llaec
1111 4919 1342 4992 supradictorum
1357 4927 1475 4981 cunctos
1489 4925 1619 4982 redditus
1636 4925 1746 4998 prefato
1766 4915 1880 4980 llaure¹⁴⁸

254 5005 353 5061 autem
365 5002 494 5061 seriatim
509 5005 663 5076 postquam
676 5003 777 5058 omnia
795 5005 935 5078 exposuit,
958 5005 1061 5063 Aurius
1110 5009 1280 5082 presbitero,
1290 5027 1379 5084 usque
1390 5011 1879 5088 quoepiscopaliiungeretnrbonere

254 5093 387 5150 tribunus
399 5091 490 5149 etalii
503 5089 615 5149 nobiles
625 5091 674 5167 qui
687 5108 795 5150 comeo
806 5095 1059 5162 erant,visoauulo
1111 5099 1301 5158 comiserunt.

253 5186 283 5240 et
292 5181 391 5256 scripti
400 5181 560 5250 volumine,
575 5180 723 5255 quodipse
737 5187 908 5256 reppererat
919 5185 950 5241 in
964 5184 1059 5242 mani·
1144 5187 1184 5244 Eo
1199 5205 1327 5263 namque
1346 5194 1480 5267 ternpore
1498 5195 1644 5252 Frauduni
1663 5209 1729 5252 cunr
1749 5176 1880 5246 melaena

251 5271 305 5329 bus
318 5272 387 5342 suis,
408 5270 444 5329 de
464 5269 549 5343 barjeu
579 5270 763 5328 revelationis
779 5270 888 5330 visione
897 5273 1058 5344 certificati,
1110 5277 1264 5334 mastalicis
1280 5279 1355 5354 (lte)
1368 5283 1570 5340 aecclesiamin
1584 5283 1696 5342 bonore
1710 5281 1797 5339 Deiet
1810 5265 1879 5330 santii

921 5371 1036 5428 VARIAE
1057 5371 1256 5432 LECTlONES.

284 5457 553 5519 ¹⁴¹ediillceruntl.
592 5457 760 5533 ¹⁴⁸prosisci
776 5458 871 5533 l.pro
887 5459 968 5518 ssschi
984 5463 1009 5518 3.
1048 5462 1247 5524 welademc.
1286 5475 1466 5529 nemaeum
1482 5473 1814 5548 inflammaret-sel·

1036 5581 1150 5640 dorm.

280 5691 356 5768 (tre)
368 5685 402 5748 ld
416 5691 460 5748 est
472 5685 643 5760 massalicis,
662 5685 774 5750 incolis.
