3882 6170
234 363 286 430 tet

785 351 814 418 S.
829 353 976 417 ABBONIS
988 353 1192 416 FLOthNSlS
1203 351 1356 416 aeearls.
1808 363 1852 428 tal

237 487 405 566 requisistis;
420 485 464 545 cui
481 489 636 561 postquem
659 483 813 542 historiam
829 485 1043 560 patefecieam,
1056 487 1083 546 Α
1094 485 1245 559 vilegium,
1270 485 1340 542 illud
1360 501 1502 560 magnum
1517 487 1546 544 et
1567 483 1717 545 inviolabiia
1730 485 1855 550 Nicaeum

237 585 267 638 ut
276 580 398 652 jussistis
410 575 770 650 Transalpinislegcndanr
785 575 909 647 dirigere
919 591 977 629 uon
987 574 1043 629 dis-

237 669 287 726 tuli
301 673 347 724 :et
361 669 415 723 hoc
427 665 777 722 indiculorobissatisleci.
788 664 976 718 Dircxletianr
987 663 1043 716 duo

234 758 348 813 vascula
361 755 565 822 htanzcrina,in
581 754 684 825 quibus
699 754 862 825 anaglypho
872 769 960 823 opere
974 768 1042 805 corr-

235 846 368 902 tincntur
381 843 510 899 Charitas
527 842 685 910 etEthica;
703 858 825 914 (puerum
839 843 939 907 altera,
957 840 986 895 id
1002 843 1044 894 est

237 934 378 1002 Charitas,
395 937 517 1006 utraque
532 932 709 986 maanetus
723 934 751 986 et
762 931 872 985 Novum
879 930 1044 985 Testamen-

235 1028 298 1080 tum
314 1023 433 1097 praefert
454 1038 506 1093 per
532 1021 646 1092 singula
662 1020 849 1092 epithemata,
876 1019 976 1072 Ethica
991 1018 1043 1072 alis

236 1111 293 1166 suis
316 1110 518 1184 complectitur
534 1108 686 1165 historiam
700 1112 730 1163 ct
752 1105 938 1180 allegoriam:
957 1107 1043 1162 itaut

237 1203 358 1273 utraque
374 1198 610 1266 virtus,Charitas
621 1197 726 1252 scilicet
740 1213 771 1251 ac
794 1196 902 1263 Ethica,
919 1199 1044 1268 qrratuor

237 1289 355 1344 virtutes
368 1304 419 1360 per
428 1289 542 1360 singula
553 1287 733 1342 vasculorum
749 1302 800 1341 ora
809 1286 962 1341 exclusoris
978 1301 1044 1356 ope-

237 1394 268 1432 re
283 1376 477 1448 praetendant.

238 1465 370 1520 Fascibus
385 1467 534 1535 exemptos
550 1465 618 1518 dum
635 1462 780 1518 cernimus
801 1462 883 1518 Urbis
899 1463 1042 1530 alumnos,

273 1553 402 1608 Externis
416 1553 542 1609 dominis
558 1553 672 1609 subdita
686 1554 778 1607 Roma
793 1553 871 1607 furit.

239 1643 295 1698 Nec
310 1642 417 1696 mirum
433 1659 500 1697 cum
514 1659 600 1698 scena
611 1642 663 1697 sibi
678 1641 709 1695 fit
721 1641 821 1696 saerior
835 1635 901 1708 illis,

275 1733 309 1785 Et
324 1731 448 1786 crudelis
461 1731 561 1798 habet,
579 1729 656 1784 urrde
672 1730 866 1784 cruentabat.

240 1819 333 1886 Quam
349 1835 449 1876 caveas
459 1821 531 1874 atter
547 1835 643 1890 mage,
657 1819 807 1891 quamjem
825 1817 950 1890 denique

882 1907 1009 1979 [quintus

274 1998 437 2071 Gregorius,
454 1998 555 2052 mundi
582 1997 703 2070 pervigil
719 1996 853 2052 excubiis.

240 2087 320 2159 cujus
335 2103 436 2142 amore
450 2103 533 2142 vacas
548 2087 713 2142 transcendi
732 2103 855 2141 cernuus
873 2086 958 2155 Alpes

277 2175 469 2246 lteridanique
483 2175 562 2230 nives
576 2176 657 2231 Abho
670 2175 817 2248 sequendo
828 2191 921 2247 pares.

240 2265 404 2320 Translatus
418 2263 511 2319 Putris
522 2263 631 2319 cineres
642 2263 715 2318 Bene
730 2264 849 2319 nominc
863 2262 938 2329 dicti,

277 2353 413 2410 Mandant
432 2353 574 2426 Hesperiis
589 2358 618 2409 et
631 2353 694 2420 libi,
711 2352 815 2407 Sancte
830 2351 890 2406 Dei.

244 2443 300 2496 llos
311 2442 403 2498 loculo
418 2440 527 2512 pariter
547 2442 662 2497 Francis
677 2457 853 2496 veneramur
863 2443 991 2507 ovantes,

276 2534 311 2590 Et
326 2549 476 2602 venerare,
492 2535 538 2590 cui
554 2537 636 2604 gesta
650 2532 776 2605 legenda
791 2531 867 2588 dedi.

526 2622 694 2678 EPISTOLh
707 2621 738 2675 V.

402 2730 440 2768 ao
456 2728 612 2768 uouacaos
631 2727 734 2768 seueri
761 2727 886 2766 uaarnu

276 2805 324 2859 llis
339 2802 469 2876 patribus
489 2804 518 2856 et
535 2801 671 2856 tratribus
698 2800 728 2856 in
756 2797 932 2855 monasterio
948 2796 1045 2852 Sancti

242 2893 354 2950 Martini
370 2890 675 2963 commanipularibus,
691 2889 814 2944 maxime
830 2888 950 2942 Hrnrveo
961 2887 1045 2941 bonae

240 2983 346 3039 indolis
364 2983 491 3054 speculo,
506 2982 671 3036 amatorum
685 2978 788 3034 Christi
804 2977 1008 3031 amatorhaeo.

1097 575 1262 642 concilium,
1279 576 1357 648 quod
1368 575 1560 632 sanctissimus
1572 593 1642 650 papa
1651 577 1787 648 Gregorius
1794 579 1857 636 itase

1095 665 1202 719 latetur
1227 665 1367 732 rcrrcrari,
1384 681 1416 719 ac
1440 665 1462 720 si
1481 669 1609 721 sanctuar
1625 667 1800 739 Evangelium.
1823 670 1856 724 [ta

1095 753 1249 826 privilegiis
1272 771 1387 826 quoque
1410 753 1487 809 idern
1511 770 1585 827 papa
1607 755 1764 810 venerabilis
1789 757 1857 812 scribi

1094 841 1227 913 episcopo
1242 842 1356 909 Joauui,
1377 841 1511 915 inquiens
1525 860 1532 897 :
1548 841 1632 896 Gracc
1653 843 1760 899 nimiast
1782 852 1858 899 contre

1093 931 1254 986 sacerdotate
1268 937 1371 987 constat
1397 949 1449 986 csse
1465 934 1639 1005 propesitum,
1655 933 1797 1004 cujusquam
1816 950 1862 987 mc·

1093 1022 1203 1073 arcisterii
1211 1021 1357 1092 privilegiu
1386 1020 1449 1075 olim
1472 1021 1574 1075 indulte
1593 1021 1753 1092 confundere,
1767 1029 1789 1075 ct
1807 1025 1862 1076 orri-

1094 1117 1150 1163 tum
1174 1110 1229 1181 (sicj
1250 1128 1308 1182 puae
1320 1117 1381 1165 sunt
1393 1127 1445 1183 pro
1457 1112 1542 1183 puictc
1556 1111 1678 1182 disposito
1699 1112 1748 1164 aiii
1760 1111 1864 1165 deducere

1095 1198 1155 1268 (lib.
1172 1215 1220 1266 vu,
1233 1199 1316 1271 epist.
1334 1201 1387 1269 33).
1402 1200 1436 1254 Et
1444 1199 1519 1254 iutra
1530 1216 1536 1255 :
1548 1199 1719 1254 Proindehis
1728 1199 1865 1253 fraternita-

1094 1290 1153 1343 tem
1168 1291 1293 1343 vestram
1310 1288 1461 1344 hortamur
1483 1287 1625 1356 affatibus,
1643 1291 1672 1342 ut
1694 1286 1867 1343 amonastcrii

1094 1377 1228 1431 molestia
1252 1394 1281 1431 se
1296 1377 1357 1432 sinc
1379 1377 1474 1450 aliqua
1489 1377 1669 1432 excusatione
1683 1375 1825 1442 contineat,
1845 1378 1868 1430 et

1095 1482 1158 1533 quae
1174 1465 1215 1521 eis
1239 1471 1306 1522 sunt
1321 1466 1426 1521 diutius
1442 1465 1594 1534 custodita,
1613 1465 1713 1520 nullius
1736 1463 1868 1520 occasionis

1095 1557 1189 1609 tentet
1204 1555 1390 1627 usurpatione
1406 1556 1580 1623 convellere,
1597 1554 1647 1610 sed
1671 1557 1768 1609 cuncta
1779 1553 1869 1607 illibato

1095 1642 1199 1697 alsine
1215 1643 1311 1716 aliqua
1326 1643 1440 1699 studeat
1450 1643 1647 1716 refragatione
1662 1658 1778 1710 serrare3
1788 1643 1870 1712 ctplas

1096 1731 1148 1786 sibi
1161 1731 1190 1786 in
1206 1733 1309 1787 eodem
1329 1733 1516 1800 monasterio,
1539 1749 1627 1805 quam
1641 1729 1872 1804 praedecessoribus

1059 1819 1153 1886 Bsuis
1169 1820 1374 1886 licuit‚norerit
1399 1837 1457 1875 non
1473 1821 1570 1876 licere.
1590 1820 1670 1875 absit
1693 1819 1791 1890 itaque¹
1814 1815 1873 1872 absit

1096 1912 1301 1965 utsanctorum
1309 1910 1446 1977 virorum,
1456 1913 1484 1964 et
1495 1909 1622 1964 maxime
1635 1907 1810 1980 antiquorum
1819 1921 1874 1976 pon·

1096 1993 1874 2069 tiheumRomanorumscriptamodernorumsustineant

1096 2087 1274 2159 praejudicia,
1294 2091 1323 2141 et
1350 2087 1564 2158 floccipendant
1591 2085 1779 2158 posteriorum
1799 2098 1875 2148 sena,

1097 2191 1220 2246 quorum
1237 2179 1412 2231 verterentur
1429 2174 1608 2231 memorias?
1624 2174 1655 2230 Si
1681 2173 1757 2228 euim
1766 2171 1876 2243 juniores

1097 2267 1229 2337 tempore
1241 2269 1371 2319 veterum
1380 2262 1687 2335 aspernanturedicta,
1695 2262 1876 2334 quibusasseu·

1097 2368 1160 2406 sum
1173 2353 1303 2424 praebere
1318 2353 1490 2417 debuerant,
1502 2352 1571 2426 quid
1583 2355 1685 2419 restat,
1697 2350 1748 2405 n'si
1762 2352 1790 2404 ut
1799 2348 1877 2420 plum·

1097 2440 1166 2494 bum
1187 2441 1268 2514 aquis
1294 2445 1473 2513 supernatet,
1497 2441 1613 2514 lignum
1629 2455 1698 2497 vero
1719 2437 1887 2494 landolenus·

1097 2544 1224 2584 mersum
1248 2529 1402 2585 dehiscat?
1426 2531 1589 2602 praesertim
1614 2546 1681 2585 cum
1697 2527 1825 2599 scriptum
1834 2521 1880 2576 sit:

1096 2615 1139 2671 Ne
1155 2619 1359 2688 transgredieris
1376 2622 1500 2674 terminos
1512 2636 1577 2691 quos
1588 2621 1741 2691 posuerunt
1749 2620 1830 2687 potres
1849 2610 1884 2665 tat

1097 2707 1189 2780 (Prae.
1202 2726 1268 2777 xxii,
1284 2709 1340 2780 28).
1354 2710 1411 2766 Hoc
1426 2727 1517 2765 unum
1533 2711 1658 2778 suadeo,
1688 2711 1719 2762 ut
1734 2702 1883 2778 perquirite

1097 2797 1201 2852 merita
1218 2797 1431 2853 Turonensiunr
1447 2802 1475 2853 et
1491 2800 1697 2854 Romanorum
1725 2793 1885 2870 pontificum,

1097 2901 1221 2958 quorum
1252 2887 1324 2942 alter
1338 2887 1436 2955 edixit,
1463 2887 1536 2942 alter
1562 2887 1735 2959 concripsit,
1751 2889 1779 2938 et
1803 2884 1886 2954 postes

1097 2977 1195 3028 ulrum
1209 2974 1263 3028 illis
1277 2991 1293 3029 a
1308 2974 1569 3031 contradicentium
1598 2969 1746 3032 industria
1757 2988 1813 3046 pre
1826 2985 1885 3043 pou·

278 3070 483 3144 Opportunitas
498 3069 638 3141 temporis
653 3069 725 3123 solet
736 3066 825 3139 quaeri
839 3065 875 3120 ed
888 3080 1081 3162 exsequen-C
1096 3063 1164 3118 dere
1181 3063 1337 3134 dijudicare
1351 3064 1489 3136 poteritis.
1504 3065 1616 3122 Valete.

243 3163 309 3217 dam
319 3160 477 3216 efficaciam
488 3153 992 3229 ejuslibetnegutii,quandoquidem
1002 3151 1044 3206 ni·

242 3249 281 3305 bil
293 3250 324 3304 ct
341 3248 418 3321 quod
431 3261 574 3302 eocarere
590 3244 687 3315 possit.
696 3243 778 3307 Quod
790 3243 853 3296 ideo
865 3244 964 3294 vestrae
981 3241 1046 3294 cha-

240 3338 317 3394 ritati
334 3335 510 3407 objeci,quia
522 3334 676 3406 plusaaquo
686 3329 833 3386 distulistis
848 3329 964 3383 mittere
974 3328 1045 3384 indi·

241 3427 337 3482 culum
353 3429 453 3480 vestrae
473 3423 646 3496 legationis:
671 3437 705 3476 ac
719 3421 825 3476 idcirco
849 3419 929 3474 vobis
944 3435 1045 3491 parere

241 3514 311 3570 mihi
337 3513 391 3568 luit
405 3511 593 3583 impossibiie,
610 3509 713 3582 quibus
730 3510 843 3581 placere
868 3507 1045 3562 omnimodis

241 3603 342 3676 gestio,
356 3615 547 3671 necunquam
559 3599 703 3652 bonorum
717 3595 861 3668 praecptis
875 3595 1045 3650 inobediens

243 3691 399 3764 apparebo,
417 3688 471 3744 uisi
484 3686 654 3743 constrictus
667 3687 715 3741 aut
727 3684 874 3757 religionis
886 3683 1044 3757 proposito,

243 3784 292 3836 aut
307 3775 446 3849 temporis
465 3776 595 3832 articulo.
623 3775 728 3828 Verum
747 3789 810 3828 curn
827 3771 994 3827 charitative
1009 3773 1046 3827 ad

242 3869 408 3942 expeditum
419 3867 474 3920 iter
484 3858 679 3930 monuissetis,
692 3863 754 3918 haec
769 3862 841 3917 adeo
853 3861 1046 3927 demiror,cur

241 3975 356 4013 causam
372 3954 564 4027 promotionis
584 3953 613 4007 in
633 3951 732 4006 vestris
750 3951 852 4006 litteris
863 3967 921 4004 riou
936 3949 1044 4022 signill-

241 4047 342 4102 castis:
360 4062 428 4100 narn
445 4042 632 4098 auctoritates
645 4044 810 4096 sanctorum
825 4041 953 4105 Petrum,
975 4055 1045 4109 eluas

241 4135 403 4209 specialiter
420 4133 526 4189 deterri
545 4131 677 4202 jussistis,
698 4144 814 4202 quoquo
839 4130 968 4183 locorum
985 4143 1044 4199 prae

241 4216 1044 4291 manibushabeomedecipiaraemulorumlenocinio,qui

1379 3153 1545 3209 EPISTOLA
1560 3155 1607 3210 Vl.

1242 3257 1277 3296 ao
1294 3254 1538 3297 eoeeareu‘aaceu
1555 3260 1734 3307 rmacoaurr,

1132 3330 1275 3384 Rorueuro
1282 3329 1346 3401 regi
1361 3330 1537 3386 Francorum
1548 3330 1661 3404 inclyto
1672 3323 1888 3387 famulorumttei

1096 3419 1220 3474 tumulus
1232 3422 1318 3486 Auno,
1336 3435 1451 3474 memor
1465 3421 1531 3475 salis
1544 3422 1626 3493 quud
1643 3421 1801 3494 aliquando
1811 3420 1836 3474 in
1850 3431 1891 3488 pt·

1095 3507 1301 3564 tatioconrcdi.

1132 3595 1205 3651 Satis
1220 3597 1379 3652 admodum
1396 3595 1487 3652 miror
1502 3598 1579 3653 unde
1596 3599 1628 3655 hi
1645 3601 1723 3655 sales
1736 3593 1894 3670 eloquentia

1096 3690 1305 3758 proruperunt,
1322 3702 1446 3758 quorum
1462 3687 1709 3755 amaritudinem,
1736 3682 1895 3743 dominanti

1096 3789 1155 3842 rex,
1167 3774 1316 3846 inopinato
1329 3774 1477 3841 abhorrui,
1491 3775 1679 3833 abbhorrees
1688 3777 1803 3833 silentio
1812 3779 1895 3846 tegere

1097 3863 1894 3943 nequivi,nampalatinasacundiahactenususussuui,

1097 3955 1124 4006 ct
1141 3954 1176 4006 :ih
1193 3952 1409 4023 ipsiscunabilis
1424 3952 1537 4023 penein
1552 3956 1744 4012 monasterio
1761 3954 1897 4011 veritatem

1096 4057 1168 4112 puer
1181 4041 1277 4104 didici,
1297 4058 1384 4113 quam
1401 4058 1448 4096 me
1470 4042 1600 4099 amisisse
1615 4050 1759 4100 causatur
1772 4044 1818 4100 itte
1833 4059 1846 4096 a
1861 4055 1896 4093 se-

1096 4130 1189 4184 cretis.
1205 4132 1277 4185 llum
1286 4131 1347 4201 jam
1359 4130 1612 4204 albetnixcapitis,
1622 4135 1671 4190 cui
1685 4134 1796 4206 gratias
1806 4131 1899 4193 relcrc,

1096 4219 1232 4290 quoniam
1248 4235 1293 4273 me
1309 4218 1346 4272 ad
1361 4235 1407 4274 nre
1424 4219 1545 4289 reduxit,
1557 4221 1806 4296 quandoquidem
1817 4215 1898 4275 hunri-

240 4313 322 4368 lratri
334 4315 438 4384 parant
452 4311 577 4377 foveam,
599 4312 628 4363 ct
643 4308 770 4362 fortassis
788 4307 917 4362 incident
933 4308 962 4361 iu
978 4323 1043 4360 eam
1096 4323 1163 4361 nem
1173 4324 1233 4361 esse
1244 4306 1380 4374 innotuit,
1394 4325 1481 4380 quem
1491 4309 1642 4366 mutabilis
1655 4312 1787 4368 tortunae
1802 4307 1902 4364 casibus

241 4400 340 4470 (Eccte.
362 4417 389 4466 x,
405 4402 430 4468 8]
458 4399 552 4452 Unum
572 4397 652 4469 quasi
666 4414 699 4450 ex
713 4395 789 4466 vulgi
811 4395 947 4467 opinione
963 4394 1043 4449 addi·
1095 4396 1240 4450 subditum
1256 4395 1529 4470 ctdiritctscripsit;
1544 4398 1582 4454 ait
1596 4397 1902 4472 eniancriptura:Om·

242 4487 307 4554 dici,
322 4487 463 4542 domnum
476 4485 1043 4556 viclclicethlt,archiepiscopumcontra·
1095 4486 1220 4538 aishumo
1230 4484 1493 4554 ‚nasicasd‘scxat
1503 4487 1537 4559 l);
1548 4487 1747 4546 sedsertassis
1762 4507 1827 4545 cum
1843 4489 1902 4542 l‘ro-

241 4574 497 4647 dicereprivilegiis
510 4573 640 4628 sanctilt.
656 4573 818 4626 communis
834 4571 1042 4643 patroni3quod
1058 4553 1081 4610 Ῑ)
1095 4574 1181 4644 pheta
1193 4572 1221 4626 in
1233 4574 1334 4627 exstasi
1344 4574 1398 4628 hoc
1418 4575 1547 4646 protulit,
1562 4577 1643 4649 quod
1655 4595 1716 4650 ego
1734 4594 1848 4652 quoque
1860 4577 1902 4629 bc·

225 4673 228 4682 ⁴
242 4667 290 4740 qui
300 4665 443 4738 desipiens
457 4663 598 4730 crederet,
615 4665 647 4717 ut
665 4662 708 4716 vir
718 4664 806 4717 tantm
820 4662 997 4716 auctoritatis
1015 4665 1044 4716 ct
1095 4661 1183 4732 aigne
1194 4660 1517 4732 accepissem,nisicssct
1527 4665 1675 4735 scripturn
1690 4686 1698 4724 :
1712 4667 1813 4724 Perdes
1827 4677 1905 4721 omncs

241 4753 469 4812 mansuetudinis
484 4752 628 4808 contraire
644 4750 1042 4822 velitllomanorumpontiti·
1094 4752 1140 4822 qui
1154 4751 1298 4822 loquantur
1309 4751 1479 4807 ancndaciam
1493 4751 1553 4822 (Ps.
1577 4772 1604 4822 v,
1627 4757 1671 4828 7).
1689 4758 1737 4813 Ad
1749 4757 1820 4830 quid
1833 4753 1903 4808 eninr

240 4861 305 4900 curn
323 4843 444 4899 decretis
459 4845 489 4896 et
500 4847 665 4897 astrictorum
680 4857 824 4895 cationum
836 4839 988 4894 institutis?
1004 4839 1044 4895 Si·
1094 4837 1172 4892 aliud
1188 4837 1295 4892 amicus
1310 4853 1390 4892 meus
1404 4838 1526 4910 apostoli
1541 4841 1628 4896 verba
1642 4843 1684 4899 ad
1712 4861 1763 4902 ine
1787 4840 1907 4906 retorsit,

239 4933 356 5006 quidem
373 4932 506 4986 Romana
519 4930 642 4984 Ecclesia
655 4946 706 4984 sua
718 4944 804 4999 super
823 4944 926 4983 amires
949 4930 1043 4983 Eccle·
1095 4927 1208 4982 durnin
1232 4943 1368 4981 sermone
1384 4944 1449 4983 meo
1465 4935 1502 4982 cst
1529 4932 1557 4983 et
1584 4949 1640 4984 non
1671 4929 1909 4990 esseenuntiarit

240 5021 296 5076 sias
307 5020 471 5076 excellentia
489 5019 543 5075 hoc
554 5019 641 5073 habet
655 5015 805 5089 privilegii,
823 5021 863 5084 ut,
877 5017 1042 5074 sicutctavi-
1094 5016 1166 5090 (dac.
1183 5032 1209 5084 v,
1227 5017 1283 5087 12),
1300 5014 1353 5069 nisi
1380 5015 1447 5086 quia
1464 5019 1669 5090 autquudest
1685 5039 1750 5078 non
1777 5039 1851 5088 esse,
1867 5021 1911 5074 aut

239 5126 292 5181 ger
306 5108 388 5182 regni
399 5108 521 5164 coelestis
534 5106 647 5162 obtinet
670 5105 865 5177 principatum
894 5105 1043 5178 apostolici
1096 5106 1173 5178 quod
1190 5121 1248 5158 nou
1265 5105 1382 5158 estesse
1399 5104 1539 5160 latentem
1553 5109 1784 5179 reprehendere
1802 5106 1912 5165 soluit?

240 5197 383 5264 culminis,
396 5197 435 5251 ita
446 5197 548 5251 eadem
560 5196 692 5250 Romana
705 5193 829 5247 Ecclesia
843 5194 1043 5250 auctoritatem
1094 5195 1173 5264 cujus
1188 5192 1316 5246 cruuinis
1326 5192 1355 5246 iu
1367 5193 1419 5247 hac
1430 5210 1460 5247 re
1475 5210 1521 5248 me
1538 5197 1615 5251 nullo
1638 5199 1739 5255 modo
1757 5215 1843 5255 reum
1857 5211 1912 5252 csse

240 5286 349 5340 tribuat
364 5283 589 5356 omnibusquasi
605 5283 661 5338 suis
677 5279 827 5346 membris,
840 5299 904 5353 quae
920 5285 1045 5354 suntper
1096 5280 1381 5352 sciatis,quippeante
1393 5282 1443 5335 has
1455 5282 1578 5350 litteras,
1590 5284 1618 5338 in
1638 5287 1756 5356 quihus
1772 5285 1913 5344 inerrderii

242 5377 365 5445 quatuor
387 5374 504 5428 climata
520 5372 607 5427 totius
628 5370 715 5425 orbis.
743 5369 796 5433 Qui
818 5371 1045 5442 argolicensis
1098 5369 1489 5441 redarguor,ueniinempro
1504 5371 1913 5443 hujusmodicausaridicuni

241 5463 371 5518 Ecclesiae
388 5460 640 5532 contradicit,quid
656 5460 731 5513 aliud
747 5475 833 5529 quarn
844 5476 897 5513 sea
912 5459 1035 5514 membri
1098 5477 1153 5532 quo
1169 5466 1205 5513 cst
1218 5463 1247 5512 et
1262 5475 1314 5511 aon
1330 5459 1486 5530 potuissem
1502 5461 1711 5519 sermocinari.
1740 5465 1829 5530 Quod
1854 5479 1916 5516 vcro

240 5552 302 5624 ejus
312 5551 463 5612 subtrahit,
479 5554 511 5604 ut
524 5551 573 5604 liat
586 5549 680 5620 portio
691 5548 1041 5603 adversarioririritlhristi?
1101 5547 1215 5618 adjecit,
1230 5547 1274 5600 scd
1285 5549 1328 5612 sit,
1345 5546 1373 5600 in
1390 5548 1437 5602 illo
1453 5553 1505 5615 est,
1515 5565 1588 5604 inere
1600 5550 1782 5622 tragilitatis
1799 5552 1916 5607 modum

241 5641 324 5700 Certe
340 5639 494 5715 unicuique
509 5639 638 5696 Ecclesia
659 5654 742 5692 suum
761 5638 846 5708 jubet
859 5637 965 5692 servari
981 5637 1038 5710 pri·
1092 5636 1292 5704 ccrisidcrans,
1309 5635 1475 5691 lrcnriuitus
1491 5639 1648 5709 quaniltco
1664 5639 1920 5698 similisesserna·
