3952 6176
257 343 310 400 'illi
799 333 932 395 lllblOlNl
946 331 1102 396 nohturft
1121 334 1369 402 ltohllctusrs
1827 364 1868 418 rut

258 461 755 531 Direxitautemadsacerdotemmt
768 463 920 521 inimicum
929 481 1013 520 suum
1028 465 1063 522 de
1075 470 1104 531 A
1115 469 1288 540 capiendum
1297 471 1360 527 fore
1370 470 1546 545 intelligens,
1559 473 1646 530 virtus
1656 493 1698 544 ne,
1708 477 1728 534 si
1738 481 1768 536 ad
1783 487 1870 554 patrem

258 554 377 610 eeclesia
387 555 551 626 expelleret.
578 552 634 610 Sed
649 570 683 609 eo
712 552 873 621 differente,
892 553 1066 626 chilpericus
1117 557 1278 628 duceretur,
1295 561 1447 632 gravesde
1473 577 1504 616 se
1530 578 1630 636 peenas
1658 564 1738 634 daret,
1756 567 1872 628 calenum

256 643 412 700 exercitum
421 643 598 698 commoveri
606 641 752 714 praecepit.
763 640 845 706 Quod
856 642 1067 698 audiensblero·
1116 647 1272 718 quemdam
1282 648 1335 703 sihi
1347 648 1520 705 familiarem
1530 651 1652 722 rogarit,
1664 656 1724 709 utse
1733 656 1811 726 gladio
1823 677 1872 732 per-

256 748 324 788 reus
336 731 477 787 bassilica
487 731 585 802 egredi
601 729 700 786 voluit.
713 730 1064 788 Leudastisrerofuroni·
1115 737 1235 790 euteret.
1245 738 1269 789 A
1280 752 1336 808 quo
1352 736 1442 792 cultro
1458 754 1510 810 per
1524 738 1764 812 visceratrajeetus
1780 744 1876 805 interiit.

257 835 306 876 eus
321 835 419 875 eomes
436 835 540 892 pueros
555 819 627 891 ejus,
647 817 696 891 qui
712 835 765 891 pro
789 817 955 874 necessariis
973 820 1064 874 causis
1115 810 1258 891 Gailenus,
1274 823 1412 879 truncatis
1426 825 1598 882 manibusue
1608 828 1722 899 pedibus
1733 831 1839 898 ‚naribus
1848 835 1876 888 si·

256 907 287 962 in
301 906 398 962 villam
413 907 517 974 ierant,
542 907 674 979 peremit.
700 905 882 978 Quapropter
906 907 1063 974 lteroreus,
1115 911 1176 964 mul
1199 914 1229 965 et
1243 911 1370 978 auribus,
1386 912 1510 985 turpiter
1534 913 1622 969 vitam
1648 913 1879 975 unlutreiste

256 994 405 1050 adnitente
421 994 603 1062 Gnntranno,
617 993 786 1050 ldarileflum
803 994 949 1050 medicum
964 1011 1064 1067 arege
1116 995 1227 1053 Sanson
1242 998 1315 1055 lilius
1330 999 1482 1072 Chilperici
1496 1004 1627 1058 mortuus
1642 1007 1692 1058 est.
1718 1003 1792 1075 Cujus
1814 1005 1879 1062 funus

255 1082 420 1138 venientem
432 1082 534 1150 tenuit,
547 1083 701 1154 ablatoque
714 1099 784 1138 auro
799 1098 833 1137 ae
844 1087 964 1154 argento
987 1083 1065 1154 quod
1115 1101 1181 1141 cum
1195 1085 1286 1142 nimia
1296 1087 1506 1144 lamentatione
1518 1089 1597 1145 idem
1613 1106 1663 1145 rex
1682 1095 1826 1162 prosecutus
1838 1097 1878 1148 est.

251 1169 374 1234 ferebat,
390 1187 458 1226 eum
468 1170 567 1242 utique
584 1169 743 1235 occidisset,
758 1169 812 1226 nisi
836 1169 883 1224 ille
910 1169 1063 1225 ecelesiam
1114 1174 1153 1228 Eo
1169 1190 1246 1230 anno
1259 1176 1342 1232 stella
1355 1175 1385 1231 in
1400 1175 1495 1232 medio
1510 1176 1588 1232 lunas
1601 1178 1769 1250 fulgensvisa
1782 1184 1826 1237 est.

253 1257 416 1330 expetisset.
429 1259 542 1314 luterea
556 1258 627 1313 dum
641 1257 677 1313 de
694 1261 776 1329 patre
791 1273 822 1313 ac
837 1273 960 1314 noverea
972 1258 1063 1313 tdero·
1413 1265 1524 1322 CAPUT
1534 1267 1620 1322 lllllV.

253 1361 321 1400 reus
335 1345 427 1401 multa
438 1344 750 1418 loquereturfaoinora,
763 1346 888 1418 quadam
896 1345 942 1400 die
958 1345 1064 1417 Grego·
1112 1351 1154 1408 De
1164 1350 1450 1410 (lanfranni-Berones
1460 1354 1570 1423 filiabus
1582 1357 1766 1429 uirtutepotrir
1777 1355 1881 1422 literatis,

254 1433 330 1489 rium
341 1433 508 1506 episcopum
523 1432 559 1488 ad
581 1433 742 1488 convivium
758 1433 892 1502 inritans,
909 1437 993 1506 rogat
1009 1431 1061 1488 ali·
1324 1442 1558 1512 suffruqanredtvo
1568 1441 1698 1500 Marem

256 1520 324 1594 quid
340 1521 377 1576 ad
391 1520 612 1576 edificationem
628 1520 695 1592 legi.
711 1522 789 1576 Tune
804 1520 933 1588 antistes,
945 1524 1060 1592 arrepto
1149 1526 1272 1591 Quidam
1282 1531 1497 1598 potentissimus
1507 1547 1661 1602 procerum
1673 1531 1885 1607 Cbi'perici,Gnn·

255 1607 419 1664 Salomonis
433 1607 518 1676 libro,
531 1608 609 1663 hune
621 1608 747 1682 primum
763 1608 935 1663 versiculum
951 1607 1062 1664 invenit
1111 1617 1320 1682 tranans-Ruso
1330 1634 1386 1673 uno
1397 1618 1516 1674 nomine
1531 1619 1570 1674 sic
1585 1617 1688 1685 dictus,
1703 1620 1838 1676 relectisin
1851 1635 1884 1674 ee-

255 1712 288 1751 ae
303 1695 396 1768 legit:
419 1695 542 1764 Oculum,
565 1697 614 1768 qui
630 1703 769 1751 aversatur
787 1703 905 1768 petrem,
931 1695 1061 1767 effodiant
1111 1703 1196 1758 etesia
1210 1705 1301 1760 saneti
1313 1705 1533 1762 tlilariillliabus
1550 1708 1618 1776 suis,
1634 1709 1672 1764 ad
1700 1708 1887 1764 Childebertum

256 1785 406 1839 euinceret
424 1783 456 1838 de
477 1784 637 1838 torrentibus
652 1783 747 1857 (Pron.
770 1785 845 1854 xxx).
868 1785 902 1839 Et
916 1783 977 1838 hoec
996 1784 1097 1856 qui-B
1111 1792 1233 1848 transiit.
1243 1794 1399 1850 Annovero
1412 1795 1495 1851 tertio
1505 1797 1589 1868 regni
1598 1797 1767 1853 childeberti
1777 1795 1887 1868 junioris,

257 1871 385 1927 demitte
401 1888 460 1926 non
472 1871 624 1939 intellexit,
637 1872 755 1928 antistes
773 1888 840 1927 vero
861 1871 982 1927 miratus
1005 1874 1058 1942 ast,
1110 1878 1158 1950 qui
1174 1884 1236 1935 erat
1246 1879 1397 1953 Chilperici
1408 1884 1605 1940 etGuntranni
1617 1885 1754 1959 septimus
1772 1884 1887 1949 decimus,

256 1959 469 2032 redargutionis
482 1959 536 2014 sibi
550 1960 637 2015 rerba
651 1961 747 2032 prima
762 1960 928 2016 occurrisse.
1109 1965 1383 2025 (lantrannus-flou
1393 1970 1466 2026 filias
1480 1989 1545 2027 suas
1551 1973 1673 2029 Pietatis
1686 1973 1887 2037 auferrevolens,

554 2048 670 2104 CAPUT
684 2049 759 2104 llllll.
1109 2053 1302 2112 Dracolenum
1328 2058 1485 2131 quendam,
1514 2061 1568 2116 sibi
1594 2061 1807 2117 infestissimum
1820 2075 1890 2130 seque

361 2137 403 2193 De
418 2136 578 2193 Guutronuo
593 2137 782 2208 Pytbouisrom
789 2137 954 2193 consultante
1109 2146 1343 2216 persequentem,
1358 2148 1389 2201 ut
1403 2162 1461 2202 aso
1475 2151 1654 2204 averteretur
1662 2149 1789 2221 precibus
1799 2163 1828 2202 ac
1841 2163 1891 2200 mu·

292 2226 426 2282 Posthac
438 2224 731 2280 direxitGuntr'annus
743 2226 778 2281 ad
788 2224 941 2280 mulierem
952 2224 1059 2296 Pytho·
1109 2229 1347 2288 neribuslleetere
1355 2233 1735 2305 nitebatur.1lraeolenns‚ut
1744 2238 1803 2292 erat
1812 2237 1891 2290 mente

256 2314 375 2383 nissam,
387 2330 451 2386 quar
467 2315 493 2369 ei
508 2313 663 2386 aliquando
679 2329 738 2368 non
751 2315 962 2369 colomannum
971 2311 1021 2367 sed
1031 2314 1060 2367 et
1108 2319 1210 2388 elatus,
1223 2322 1345 2393 superbe
1361 2323 1521 2395 respondit,
1537 2341 1669 2380 asserens
1681 2341 1711 2380 se
1739 2323 1890 2388 funiculum,

256 2401 335 2458 diem
349 2405 378 2457 et
391 2402 497 2456 horam
512 2419 569 2474 qua
584 2401 768 2457 charibertus
783 2418 833 2457 rex
864 2400 969 2468 obiret,
985 2416 1058 2472 prae·
1109 2422 1180 2478 quos
1195 2408 1266 2465 alios
1281 2409 1416 2482 deceptos
1436 2411 1558 2483 perdere
1571 2413 1695 2481 solebat,
1716 2415 1841 2486 paratum
1853 2411 1894 2465 ha·

254 2489 375 2557 dixerat,
389 2491 421 2545 ut
439 2505 504 2544 eam
524 2505 610 2562 super
630 2493 706 2544 statu
720 2489 914 2562 interrogaret
928 2505 989 2543 suo.
1007 2486 1059 2542 Cui
1109 2493 1187 2563 bere,
1204 2499 1283 2552 uteo
1299 2497 1501 2554 Guntrannum
1516 2499 1750 2557 involveretNon
1764 2500 1825 2555 tulit
1833 2499 1895 2553 Gun-

254 2577 304 2634 illa
320 2577 381 2633 baeo
395 2575 508 2633 remisit
522 2577 660 2632 mandata
669 2593 701 2632 :e
713 2577 782 2644 lloe,
793 2575 1058 2648 inquit,annoCbil·
1108 2583 1228 2638 trannus
1240 2586 1364 2656 superba
1374 2587 1547 2658 jaetantem,
1562 2587 1612 2644 sed
1624 2605 1729 2646 manus
1741 2590 1848 2644 elevans
1868 2585 1894 2640 in

253 2663 1057 2739 perieodefuneto,tleroveus,devietisfratribus,regnum
1107 2672 1895 2747 coelum,prodigiafacientaminvocavit[lominumetut

243 2751 384 2832 'accipiet
416 2755 502 2823 teque
528 2751 632 2807 ducem
655 2751 818 2807 constituet·
848 2750 909 2816 011⁰
936 2767 1057 2806 munere
1107 2759 1159 2815 sibi
1176 2776 1229 2832 per
1243 2761 1478 2819 intercessionem
1488 2765 1565 2820 beati
1583 2765 1700 2821 Har-tini
1728 2766 1896 2820 misereretur

253 2839 451 2913 quinquessssiO
464 2840 589 2908 functum
598 2839 721 2913 septim
732 2839 865 2895 emmelis
878 2839 1055 2911 efi⁵⁰⁰ft¹1³ffi
1108 2850 1208 2905 oravit.
1221 2850 1395 2923 congressus
1407 2855 1509 2908 eontra
1518 2853 1729 2923 adversarium,
1743 2853 1898 2909 faueeseon·

286 2929 346 2984 fl⁰0
366 2929 415 2984 ille
430 2929 565 3001 episcotw
584 2927 722 3001 Gregott⁰
735 2929 843 2996 tetulit,
860 2931 889 2984 θῑ
904 2928 939 2983 th
955 2944 989 2983 00
1003 2929 1057 2983 1³⁰⁰
1107 2937 1239 2994 tumarice
1260 2938 1345 2995 uerba
1359 2939 1507 3011 profantes
1523 2944 1608 2998 conto
1639 2941 1796 2999 transfodit
1818 2942 1896 2995 elela-

249 3033 420 3089 responsum
434 3017 597 3090 aceepit:«
622 3019 678 3073 lsta
694 3016 818 3089 magisa
845 3019 903 3072 lieo
920 3032 1011 3089 quam
1041 3032 1059 3071 a
1108 3027 1227 3097 tumque
1255 3026 1325 3081 sella
1352 3027 1526 3098 equitatoria
1551 3029 1660 3101 dejecit
1689 3029 1850 3086 exanimem
1872 3025 1901 3081 ud

250 3105 366 3163 diabolo
381 3105 491 3178 exquiri
506 3105 680 3161 debuissent.
698 3125 711 3155 u
730 3105 935 3160 Verumtamen
951 3103 1057 3159 Frede·
1106 3116 1227 3169 terram,
1240 3114 1299 3169 Hoc
1315 3119 1418 3171 eventu
1433 3117 1509 3172 felici
1524 3134 1600 3188 usus,
1617 3121 1773 3176 translata,
1788 3136 1805 3175 a
1823 3116 1900 3172 Pieta-

249 3190 366 3264 guudis,
381 3208 445 3264 ques
473 3190 584 3247 occulte
608 3192 776 3247 Guntranno
799 3191 913 3246 larebat
938 3193 1057 3263 propter
1106 3217 1208 3257 vorum
1222 3202 1292 3258 urbe
1304 3203 1335 3258 fil
1349 3221 1381 3259 as
1392 3204 1511 3261 deduxit
1532 3223 1589 3280 quo
1605 3209 1709 3267 voluit,

249 3279 574 3336 mortemTheodeberti
584 3279 656 3353 (non
667 3280 746 3335 enim
760 3279 855 3336 fueret
867 3281 1055 3346 emanatus),
1110 3279 1115 3292 ’
1412 3293 1524 3350 CAPUT
1535 3295 1608 3352 xxv,

249 3367 329 3422 misit
344 3368 381 3424 ad
396 3385 463 3424 eum
479 3368 650 3424 utlderoveo
666 3368 799 3423 suaderet
812 3367 953 3439 egrediab
966 3367 1057 3422 eccle·
1219 3377 1261 3434 De
1279 3378 1457 3436 pictavorum
1470 3381 1671 3458 [insanumque
1685 3383 1828 3440 discordia,

249 3455 358 3511 sia.llle
367 3454 1055 3528 praestopuiansfortepercussores,nondistulit;
1143 3465 1334 3524 lateranenses
1349 3485 1464 3542 (Imque
1480 3475 1510 3526 gg
1526 3473 1696 3544 pagus-,eng
1713 3474 1764 3546 qui
1780 3487 1852 3527 nunc
1861 3471 1903 3524 gs.

248 3543 300 3600 ⁵⁰d
314 3543 388 3599 ”5¹⁰5
398 3543 505 3599 ”⁰⁰¹¹it·
518 3544 827 3616 nemumChillissiissus
840 3560 892 3616 i)er
901 3543 1056 3600 di³⁰⁰m¹m
1105 3553 1219 3610 basseni
1235 3555 1379 3624 dicuntur,
1393 3559 1539 3630 conjuncti
1548 3559 1819 3633 andegavensibus,
1831 3559 1906 3614 taro-

249 3632 287 3688 ad
299 3633 464 3706 sepulerum
479 3631 570 3687 saneti
587 3631 700 3688 ttartini
712 3630 783 3687 duas
797 3631 886 3687 mittit
900 3631 1054 3695 chartulas,
1105 3641 1171 3680 oum
1186 3627 1325 3682 comitem
1349 3629 1500 3684 Britonum
1516 3633 1675 3704 repentino
1694 3633 1808 3707 impetu
1823 3628 1906 3703 oppri-

249 3735 373 3792 quarum
385 3737 443 3777 una
455 3719 624 3777 continebat
633 3721 664 3774 ut
673 3718 726 3774 sibi
735 3718 869 3776 divinitus
880 3719 910 3774 in
922 3717 1054 3792 alia,quoe
1106 3729 1185 3769 mere
1203 3713 1407 3772 moliebantur·
1426 3717 1554 3782 Quorum
1569 3721 1715 3793 praevenit
1730 3720 1846 3777 insidias
1863 3715 1906 3770 ta·

248 3811 312 3865 erat
323 3824 421 3878 vacua,
438 3807 647 3864 rescriberetur
660 3807 682 3864 si
697 3807 773 3864 foret
793 3808 836 3864 tas
851 3807 1055 3864 Guntrannum
1104 3817 1197 3870 rocus,
1216 3803 1292 3858 circa
1305 3804 1437 3862 medium
1451 3808 1543 3863 noctis
1557 3824 1646 3879 super
1670 3826 1723 3866 eos
1750 3810 1860 3866 irruens
1882 3807 1906 3858 et

246 3913 266 3952 a
288 3898 397 3970 templo
424 3896 545 3954 extrahi.
570 3897 722 3965 Diaconus,
753 3895 849 3952 triduo
877 3899 1054 3968 exspectans,
1105 3891 1263 3948 maximam
1278 3908 1312 3947 ex
1327 3893 1368 3948 eis
1381 3896 1509 3966 stragem
1522 3895 1641 3956 faciens.
1656 3897 1758 3954 Tertia
1772 3911 1837 3952 vero
1869 3890 1906 3948 die

245 3985 527 4060 inanisaresponso
557 3985 701 4042 abscessit.
719 3985 776 4042 Sed
805 3985 990 4041 Guntrannus
1011 4002 1056 4040 ve·
1105 3993 1170 4034 cum
1186 3979 1303 4036 ducibus
1319 3980 1473 4054 chilperici
1487 3983 1718 4060 foeduspepigit,
1736 3987 1809 4044 dans
1828 3983 1907 4038 fitium

247 4073 392 4132 aientibus
414 4075 491 4147 regis
507 4074 610 4142 missis,
626 4075 722 4148 palam
744 4074 841 4130 altaris
867 4090 932 4129 cum
961 4090 1053 4130 sacra·
1104 4084 1188 4123 suum
1201 4068 1331 4125 obsidem
1345 4074 1445 4144 etqua
1455 4077 1620 4145 pervaserat
1631 4073 1907 4148 reddensllenetum

246 4167 346 4220 mento
362 4163 561 4236 fidejussorem
574 4163 665 4232 dedit,
670 4163 816 4236 Jactanter
829 4163 972 4237 pollicitus
982 4181 1055 4219 nun·
1104 4172 1219 4230 quoque
1233 4157 1375 4214 urbemea
1388 4160 1554 4217 conditione
1564 4163 1676 4219 refudit
1693 4167 1728 4219 ut
1740 4162 1763 4219 si
1779 4177 1813 4218 ex
1828 4157 1909 4232 gratia

247 4266 336 4324 quam
351 4269 381 4308 se
395 4252 483 4309 inscio
496 4269 565 4325 rege
580 4252 723 4326 templum
738 4268 932 4326 egressurum.
1103 4245 1179 4317 regis
1191 4263 1257 4301 eam
1272 4251 1371 4303 tenere
1391 4250 1678 4318 mereretur,tributa
1695 4251 1852 4326 quotannis
1865 4245 1911 4302 sol·

545 4341 661 4397 CAPUT
672 4341 760 4396 xxtll,
1066 4341 1169 4403 Drere
1185 4351 1243 4390 non
1259 4340 1465 4393 morarcretur.
1482 4338 1636 4410 Aliquanto
1650 4345 1757 4396 autem
1769 4339 1909 4409 interjecto

310 4429 353 4484 De
365 4428 491 4488 Maroneo
506 4430 643 4485 oracutum
657 4448 673 4484 a
685 4430 764 4487 tibris
774 4430 872 4485 divinis
881 4435 998 4502 potente,
1103 4425 1236 4494 ternpore
1249 4439 1266 4478 a
1281 4422 1338 4479 flde
1352 4423 1520 4488 desciscens,
1537 4427 1665 4482 Eunium
1680 4427 1829 4483 Veneticae
1843 4421 1909 4480 urbis

282 4517 411 4574 Tandem
419 4517 1054 4592 usroveuspouposuisPythonissaerespon·
1104 4511 1271 4584 episcopum
1287 4513 1322 4568 ad
1330 4529 1429 4585 regem
1444 4514 1551 4586 dirigit,
1568 4531 1621 4588 pro
1637 4517 1821 4588 quibusdam
1832 4509 1913 4570 causis

247 4604 295 4676 sis,
310 4621 363 4679 per
376 4605 505 4663 triduum
517 4607 647 4679 vigilans,
660 4607 689 4663 in
704 4607 868 4663 divinishoc
880 4621 1053 4680 responsum
1103 4616 1242 4669 responsa
1255 4601 1393 4658 laturum.
1407 4601 1499 4666 Quem
1515 4620 1564 4659 rex
1579 4621 1645 4660 cum
1664 4606 1712 4662 ira
1731 4604 1881 4678 objurgato
1890 4617 1912 4654 :u

246 4695 327 4754 libris
340 4696 459 4770 aceepit.
471 4699 503 4752 ln
519 4697 629 4768 Regum
643 4697 761 4769 quidem
777 4695 834 4752 :Eo
853 4695 934 4770 quod,
948 4694 1053 4769 inquit,
1104 4689 1208 4745 direxit
1222 4689 1251 4744 in
1265 4689 1408 4747 exsilium.

247 4785 388 4857 reliquistis
400 4785 548 4842 Dominum
566 4785 655 4840 Deum
669 4792 796 4854 oestrum,
812 4784 921 4840 tradidit
930 4801 975 4840 vos
982 4783 1054 4838 Deus
1356 4778 1469 4835 CAPUT
1483 4779 1569 4850 xxvi,
1581 4781 1685 4840 xxvll.

247 4874 276 4930 iu
295 4890 389 4929 monus
403 4874 774 4931 inimicorumoertrorumdn
791 4874 1052 4930 Psalterioautem:
1104 4865 1301 4940 Dectr'tperici
1314 4869 1547 4926 inPrrctertatum
1568 4873 1727 4944 episcopum
1756 4869 1916 4928 accuratione

246 4961 375 5034 Dejecrsti
403 4981 455 5033 eor,
483 4964 548 5020 dum
579 4965 760 5022 attererentur
789 4953 873 5035 (Puer.
901 4964 993 5026 nxxu).
1022 4963 1053 5016 ln
1328 4965 1353 5012 ct
1366 4955 1705 5032 Pretertotipurqotioue,

246 5051 401 5126 Evangelio
413 5069 480 5110 vero
495 5070 502 5110 ε
519 5053 596 5110 Scitis
611 5057 673 5127 quie
679 5061 741 5126 post
753 5052 863 5108 biduum
874 5051 982 5107 Pescia
996 5049 1052 5120 fiet,
1139 5047 1188 5103 llis
1202 5046 1241 5103 ita
1254 5047 1350 5120 gestis,
1360 5047 1524 5118 Ghipcricus
1536 5039 1588 5105 rex
1602 5055 1794 5126 congregato
1805 5045 1918 5108 concilio

247 5145 302 5198 ete.
313 5140 426 5216 (Mutila.
439 5143 525 5216 xxvi).
539 5145 587 5199 llis
598 5143 644 5199 ille
655 5143 721 5198 visis
731 5142 816 5210 flens,
827 5141 865 5196 ad
878 5140 970 5196 sancti
984 5139 1054 5195 tter·
1102 5137 1275 5210 pontificum
1289 5137 1318 5193 in
1334 5138 1453 5194 ecclesia
1465 5137 1560 5196 Sancti
1568 5141 1643 5196 Petri
1653 5141 1815 5198 Parisiacro
1836 5137 1918 5197 urbis.

245 5230 300 5288 tini
308 5233 442 5289 tumbam
453 5247 520 5288 eum
535 5227 995 5305 quingentiseteoampliusviris,
1007 5244 1052 5283 as·
1102 5228 1307 5283 Praetextatum
1314 5227 1920 5306 liothomagensemepiscopumteujusjam

246 5323 361 5392 sumpto
377 5337 491 5394 quoquo
506 5320 675 5376 Guntranno
690 5319 772 5387 duce,
789 5317 926 5388 discessit,
944 5325 974 5373 et
1002 5332 1054 5390 per
1102 5316 1299 5388 meminimus)
1310 5315 1407 5372 exsilio
1421 5319 1629 5388 revocatum,in
1642 5335 1756 5376 eorum
1769 5315 1919 5393 praesentia

245 5407 508 5466 Atissiodorensem
534 5408 637 5464 urbem
653 5407 770 5463 Divione
799 5409 893 5463 castro
924 5407 1052 5475 veniens,
1102 5422 1168 5462 eum
1182 5407 1237 5463 hae
1250 5406 1433 5464 accusatione
1448 5406 1588 5476 exhihuit,
1612 5406 1765 5467 ricensa
1780 5405 1921 5477 Quamvis,

245 5495 349 5555 exinde
363 5499 401 5555 ad
417 5499 588 5555 lismensem
605 5495 796 5570 Campaniam
810 5495 935 5552 transiit.
952 5496 1017 5568 Qui,
1034 5515 1051 5555 a
1102 5495 1259 5552 venerandi
1271 5495 1432 5569 pontifices,
1445 5495 1525 5569 regia
1537 5499 1666 5569 potestas
1682 5515 1775 5556 reum
1792 5497 1920 5570 majesta·

234 5587 475 5654 ,tarvanensibus
488 5587 520 5648 iu
535 5587 662 5664 quadam
675 5585 741 5646 villa
753 5584 964 5646 circumventus
980 5591 1010 5646 et
1022 5604 1053 5646 se
1104 5586 1139 5644 tis
1151 5586 1465 5664 legibuscondemnare
1476 5588 1576 5664 possit,
1586 5605 1640 5666 ego
1650 5593 1861 5658 tamenbune,
1876 5581 1921 5660 qui
