3882 6170
472 277 485 308 Χ

627 318 1157 399 OUAESTIONESGRAHHATIGMAES
1670 323 1724 389 dt!

109 449 1719 484 mmm-m

296 585 372 676 DE
400 581 702 674 OPUSCULO
741 511 1138 686 SUBSEQUENTI
1165 580 1488 672 ADMONITIO

555 747 601 808 Et
618 749 659 808 cte
673 747 708 808 S.
724 748 869 808 Anionis
889 747 1080 821 Ancltcnno
1096 745 1230 808 ttinere.

329 871 424 948 (Apud
436 872 562 942 llannn,
581 871 735 930 Annalium
752 871 987 930 Benedictinornm
1008 872 1059 931 lib.
1077 889 1150 944 xcix,
1165 877 1238 932 tom.
1254 873 1298 945 ii,
1311 889 1380 948 pag.
1395 876 1453 948 tt.)

99 1170 182 1188 .....
196 1127 306 1202 legatio
317 1127 411 1201 gentis
419 1128 579 1201 Anglorum
589 1128 627 1183 ad
636 1126 1036 1187 floriacense'monasterium
1046 1127 1155 1184 directa
1168 1129 1213 1183 est
1226 1125 1264 1182 ad
1279 1126 1484 1198 postulandum
1493 1125 1546 1186 sibi
1562 1126 1721 1200 quemdam

98 1199 1254 1344 tilllnllllllirlttltttlttlllllltlltttlltlllt”ittet
1264 1199 1721 1342 ttttltt²¹³ll:t¹.tttff,ttz

98 1350 134 1397 terii
143 1339 329 1398 connectendam
335 1341 399 1411 fidei
407 1339 511 1396 Cliri'sti
515 1342 747 1414 predicatoribus,
754 1342 868 1413 ejusdcm
881 1342 973 1397 dilecti
982 1289 1095 1397 dominiq
1102 1340 1241 1397 Benedicti
1250 1341 1367 1411 requiam
1382 1311 1721 1412 alienandimspecnii'm

96 1414 321 1469 inuncaitnltera
336 1429 412 1479 rero,
425 1413 495 1484 quod
508 1415 554 1468 iiii
573 1413 682 1485 qnidam
704 1430 810 1483 moene
821 1413 975 1480 nobilitatis,
993 1412 1130 1468 Oswcldiis
1153 1415 1271 1478 nominc,
1282 1419 1368 1483 spreto
1381 1413 1486 1480 sacnti,
1502 1412 1538 1466 nd
1548 1413 1707 1468 servientiun

96 1483 177 1540 Ctrinc
186 1486 211 1538 in
221 1490 362 1538 incinerato
375 1483 499 1538 Floriano
513 1501 650 1540 conversus
663 1490 700 1538 cst
714 1484 827 1540 ennoliio
840 1502 849 1538 .·
864 1501 898 1540 en
907 1502 969 1557 qiiii,
984 1485 1016 1538 oli
1031 1485 1104 1538 ione
1118 1487 1178 1538 vite
1195 1485 1358 1552 nicritinn,n
1374 1485 1520 1556 repei'psiin
1527 1485 1673 1554 provinciae
1682 1492 1717 1540 int

95 1557 300 1626 criticpiscopctiis
314 1562 464 1626 assumptus
477 1555 602 1624 pindum,
615 1555 672 1610 Deo
687 1572 718 1610 oc
748 1561 842 1612 ctione
856 1572 902 1610 suo
914 1563 1004 1610 sancto
1019 1554 1162 1611 Benedicta
1178 1557 1206 1608 in
1222 1556 1327 1625 cepione
1336 1555 1454 1625 Anqli'cc
1468 1557 1615 1609 cointriici't
1629 1571 1721 1610 inona-

95 1629 187 1692 itin'iiin,
202 1626 305 1681 scilicet
323 1626 517 1692 Ramesiensc,
533 1625 636 1697 quoda
651 1642 709 1697 prae
732 1627 787 1682 icto
802 1626 1107 1683 OswaldoFloriacensi
1122 1625 1336 1699 archiepiscopo
1348 1627 1608 1682 conditumiuerat.
1624 1626 1720 1682 Exilia

94 1697 167 1822 itque
180 1695 307 1752 coenobio
320 1696 351 1751 hi
365 1696 465 1752 directi
480 1701 546 1751 sunt
566 1696 664 1778 legati,
680 1697 832 1822 dequibus
848 1697 936 1753 modo
950 1697 1026 1752 iacta
1041 1701 1084 1753 est
1098 1699 1220 1754 mentio.

136 1767 151 1822 li
161 1767 312 1822 Florianum
323 1769 471 1839 appulere,
486 1784 552 1822 cuin
566 1784 692 1838 primum
709 1768 856 1823 oiboldus
874 1767 1077 1842 prefecturam
1098 1768 1171 1822 iniit.
1188 1770 1224 1836 Is,
1234 1785 1293 1824 non
1305 1772 1367 1824 tam
1381 1767 1537 1840 imperiosa
1549 1767 1719 1826 auctoritate

122 1855 160 1892 ain
172 1840 282 1894 lenitate
299 1839 451 1894 verborum
462 1839 612 1894 Abbnneni
625 1839 800 1894 monachum
817 1856 912 1905 sunm,
925 1842 987 1894 tum
1007 1839 1172 1906 diaconum,
1191 1839 1316 1912 perpulit
1337 1844 1370 1894 nt
1390 1855 1442 1912 pro
1465 1855 1500 1894 ea
1518 1855 1575 1912 qna
1592 1840 1721 1912 pollebat

107 1909 225 1964 ‘sinerum
237 1909 489 1990 humanarumque
502 1909 664 1964 litterarum
700 1909 792 1977 aritia,
804 1909 1039 1964 instruendorum
1049 1910 1124 1965 illins
1132 1909 1384 1982 gentishominum
1394 1909 1571 1981 provinciam
1587 1927 1623 1966 ne
1637 1910 1719 1966 deiu-

93 1983 160 2050 geret.
173 1980 248 2034 Abbo
263 1995 342 2047 vero,
358 1979 531 2035 obedientias
544 1979 597 2034 sibi
610 1925 762 2035 iamiiiaris
776 1981 892 2048 intuitu,
909 1981 1020 2036 abbatis
1039 1981 1179 2035 voluntati
1195 1981 1363 2052 obsequitur
1378 1981 1588 2049 incunctanter,
1604 1982 1720 2063 rejectis

92 2051 255 2120 quorumdam
270 2066 461 2106 susurronum
475 2051 611 2122 malignis
625 2051 761 2118 consiliis,
778 2052 826 2124 qui
836 2051 973 2107 abbatem
983 2067 1066 2106 sunm
1083 2051 1235 2108 dolomalo
1246 2068 1311 2106 cnm
1328 2052 1510 2106 transmaria
1522 2053 1719 2125 velleabigere

93 2125 114 2174 ut
123 2137 254 2202 nunquam
268 2121 338 2176 inde
352 2121 446 2178 redire
461 2122 579 2188 valeret,
594 2123 755 2177 clanculum
771 2122 974 2248 suggerebant.
986 2124 1036 2177 Ast
1046 2123 1224 2193 longealiter
1236 2139 1298 2178 rem
1313 2139 1343 2178 se
1357 2123 1464 2203 habere
1479 2123 1605 2178 ostendit
1629 2139 1719 2204 appa·

92 2195 150 2246 ratas
160 2192 264 2247 itineris
276 2191 459 2265 magnificus,
476 2208 562 2264 quem
579 2192 725 2249 Oilbotdus
739 2192 815 2248 disce
837 2192 895 2249 enti
910 2193 1024 2248 nbhont
1039 2192 1245 2266 suppeditarit;
1259 2197 1287 2248 et
1299 2193 1425 2249 maxime
1440 2193 1528 2264 ipsius
1541 2193 1670 2249 Abbonis
1688 2193 1719 2250 in

90 2261 184 2318 Galliam
196 2263 315 2330 reditus,
331 2280 418 2335 quem
435 2263 581 2319 Oilboldus
594 2264 653 2336 ipse
669 2281 702 2318 er
715 2264 820 2336 anglia
832 2268 898 2336 post
915 2263 1067 2320 biennium
1076 2263 1228 2320 revocavit.
1240 2263 1328 2320 lnillo
1340 2264 1442 2319 itinere
1454 2281 1519 2318 cnm
1533 2265 1569 2319 ad
1584 2265 1718 2328 blorinos.

89 2333 122 2403 qui
131 2333 284 2389 brevissimo
302 2334 338 2389 ab
353 2334 453 2405 Anglis
467 2335 541 2389 freto
557 2335 693 2406 disparati
708 2338 784 2398 sunt.
797 2339 915 2390 ventum
928 2338 1072 2408 esset,per
1081 2352 1171 2390 unuin
1184 2335 1244 2389 iere
1256 2351 1399 2403 mensem,
1416 2335 1510 2391 nautis
1520 2335 1557 2390 ob
1568 2335 1719 2392 turbidum

88 2419 148 2458 nire
159 2403 284 2476 trajicere
302 2405 513 2470 cunctantibus,
530 2405 586 2459 illio
600 2405 755 2460 subsistere
770 2406 851 2460 abbo
870 2410 984 2461 coactus
1000 2409 1052 2460 est.
1067 2406 1116 2460 Hic
1137 2405 1224 2462 taedio
1237 2409 1299 2460 tam
1314 2407 1410 2479 longus
1426 2405 1601 2477 defatigatus
1616 2423 1717 2474 moras,

87 2477 233 2552 monachum
249 2476 423 2549 quemdam,
437 2475 486 2548 qui
500 2476 601 2547 legatis
614 2492 643 2531 se
657 2477 868 2532 deducentibus
881 2478 1015 2548 prreerat,
1025 2476 1173 2532 Riculeum
1187 2477 1319 2544 nomine,
1335 2478 1475 2532 admonet
1489 2477 1679 2561 bortaturqiie
1688 2481 1719 2534 ut

20 2597 21 2618 ,
87 2561 259 2602 incommune
276 2547 436 2602 Dominum
460 2550 657 2618 precarentur,
666 2564 735 2619 qun,
751 2547 773 2602 si
786 2547 827 2602 illi
839 2565 922 2602 snum
938 2547 1118 2620 propositum
1130 2565 1189 2604 non
1200 2547 1373 2619 displiceret,
1385 2548 1441 2604 iter
1454 2549 1603 2604 fortunare
1616 2549 1718 2622 digna-

20 2627 21 2636 *
85 2617 159 2684 retnr;
174 2617 194 2672 si
209 2634 274 2674 sero
290 2618 432 2673 illudnon
448 2617 599 2687 probaret,
614 2620 793 2673 voluntatem
818 2619 854 2674 ad
879 2619 998 2691 propria
1021 2619 1162 2674 redeundi
1183 2619 1251 2690 ipsis
1273 2619 1437 2693 inspiraret.
1458 2620 1513 2674 Nec
1539 2635 1632 2688 mora,
1656 2626 1721 2693 post

86 2688 251 2758 vespertinam
264 2689 409 2760 synaxim,
422 2688 509 2744 ambo
527 2689 564 2743 ad
579 2689 742 2744 orationem
757 2689 838 2744 humi
853 2690 1057 2761 procumbunt.
1073 2690 1149 2746 llotis
1162 2691 1376 2746 eorumannuit
1403 2690 1525 2761 repitius
1536 2691 1611 2745 Deus
1627 2707 1634 2746 :
1651 2709 1720 2747 nain

85 2757 159 2826 primo
173 2761 339 2830 crepusculo
353 2759 411 2815 diei
425 2758 601 2838 insequentis
614 2761 706 2816 adluit
720 2761 838 2816 nuntius
852 2760 989 2827 naucleri,
1006 2777 1115 2832 magna
1127 2776 1177 2816 eos
1196 2760 1233 2814 ad
1249 2709 1452 2831 triqiciandum
1468 2777 1536 2816 soce
1551 2761 1718 2818 inclamans.

84 2827 221 2885 toarcense
233 2847 304 2887 mox
318 2831 393 2896 navi,
408 2829 613 2886 comitantibus
627 2831 691 2886 aliis
706 2833 770 2887 octo
793 2831 924 2898 naribus,
945 2847 1012 2885 cum
1037 2831 1067 2885 in
1091 2832 1181 2886 altum
1201 2831 1416 2901 processissent,
1434 2836 1555 2903 repente
1577 2837 1721 2905 apparent

85 2913 232 2972 marsuppoe,
252 2901 445 2974 porci-pisces
460 2902 489 2956 in
506 2902 638 2957 fluctibus
653 2902 796 2971 ludentes,
810 2906 840 2958 et
854 2902 976 2967 balanis,
991 2901 1076 2956 dorsa
1090 2900 1120 2957 in
1134 2901 1256 2958 modum
1273 2902 1468 2958 maximorum
1480 2906 1625 2958 tectorum
1636 2905 1721 2960 attol-

83 2968 174 3026 lentes:
191 2989 252 3044 qiiae
268 2971 562 3028 omniaimminentis
577 2973 684 3028 indicia
699 2974 878 3046 tempestatis
893 2989 954 3028 esse
968 2988 1034 3027 cum
1056 2988 1073 3027 a
1093 2973 1188 3029 nantis
1210 2970 1355 3028 didicisset
1376 2973 1469 3042 Abbo,
1491 2989 1558 3028 mox
1576 2975 1614 3029 ad
1635 2973 1719 3030 solita

83 3043 330 3099 recurritorationis
345 3043 478 3115 praesidia
492 3043 580 3114 idque
600 3044 726 3099 obtinuit
740 3045 818 3116 qnod
834 3044 968 3116 petebat;
990 3059 1069 3110 nam,
1094 3047 1158 3099 orta
1178 3044 1360 3114 tempestate,
1377 3044 1455 3100 navis
1480 3043 1541 3116 ejus
1564 3061 1631 3100 cum
1655 3044 1718 3100 altis

83 3109 169 3167 duabus
182 3129 245 3170 eam
255 3115 448 3188 sequentibus
461 3115 548 3170 illaesa
563 3114 600 3170 ad
619 3118 737 3188 portum
752 3117 863 3186 perlata
877 3115 931 3170 tuit
948 3131 954 3168 :
970 3113 1088 3186 reliquas
1103 3131 1172 3170 vero
1188 3131 1236 3170 sex
1250 3114 1334 3170 simul
1349 3131 1416 3170 cuni
1437 3114 1608 3171 hominibus
1623 3114 1653 3171 iu
1676 3116 1718 3172 ais

81 3185 208 3260 scatentis,
223 3185 361 3258 procellis
383 3190 412 3240 et
427 3185 553 3257 impulsu
574 3185 696 3256 piscium
720 3189 871 3258 quassatae,
891 3184 1051 3258 perierunt.
1075 3185 1132 3241 lloc
1153 3187 1269 3257 signum
1282 3201 1334 3257 per
1355 3203 1422 3242 eum
1442 3187 1581 3242 Dominus
1603 3186 1718 3258 operari

81 3251 253 3323 dignatusest,
265 3273 335 3312 cum
352 3256 399 3312 ille
416 3256 509 3311 adhuc
520 3256 613 3312 leritae
628 3257 724 3312 cilicio
738 3257 919 3329 iungeretur.
931 3257 1080 3325 ingressus
1090 3257 1209 3312 demum
1218 3257 1248 3312 iu
1260 3260 1369 3312 terram
1382 3259 1553 3339 Anglorum,
1564 3258 1600 3314 ad
1613 3259 1717 3314 banie-

81 3323 152 3380 sicnse
170 3328 380 3383 monasterium
403 3344 433 3382 se
454 3327 587 3391 contulit,
610 3327 656 3382 cui
676 3328 775 3394 abbas,
799 3329 959 3383 Germanus
986 3327 1117 3394 nomine,
1139 3335 1272 3400 praeerat,
1301 3345 1335 3383 ex
1360 3327 1531 3384 Floriacensi
1554 3333 1718 3401 assumptus

80 3396 186 3452 cenobio
203 3415 209 3451 :
225 3398 326 3471 ibique
344 3414 396 3467 per
411 3398 483 3453 duos
500 3399 1113 3480 anuosmoratusAbbo,quosdameJ‘uslnci
1124 3400 1284 3455 monachos
1297 3399 1402 3454 imbuit
1413 3398 1715 3455 scientialitterarnm.

81 3463 123 3518 lloc
136 3468 266 3539 temporis
282 3469 377 3539 spatio
394 3485 534 3541 magnam
549 3469 584 3523 de
600 3486 630 3523 se
647 3469 815 3549 opinionem
829 3487 871 3524 vir
885 3469 935 3524 Dei
951 3469 1117 3533 concitauit,
1130 3471 1214 3542 regni
1229 3470 1415 3542 primoribus,
1427 3469 1457 3525 iii
1473 3469 1574 3542 primis
1587 3471 1716 3527 Osrialdo

80 3536 241 3595 etbunstano
257 3539 448 3594 sanctissimis
464 3539 688 3611 archiepiscopis
703 3540 1071 3612 acceptissimus,qniapnd
1083 3557 1112 3595 se
1128 3557 1194 3596 euin
1207 3542 1334 3597 retinere
1344 3541 1478 3596 certatim
1488 3541 1715 3598 contendebant.

104 3607 164 3662 ilum
178 3611 232 3666 illic
248 3614 426 3675 moraretur,
443 3627 459 3665 a
472 3611 618 3692 discipulis
632 3609 689 3664 suis
704 3610 739 3664 de
751 3610 925 3683 quibusdam
936 3611 1205 3680 grammaticalibus
1220 3611 1434 3685 quaestiunculis
1447 3615 1595 3669 consultus
1610 3630 1625 3668 e
1648 3613 1716 3669 isto-

80 3673 122 3730 iua
133 3682 281 3753 rescripsit,
299 3697 364 3754 quie
380 3697 446 3736 cnm
462 3681 490 3736 in
506 3681 589 3736 editis
605 3682 688 3750 desit,
703 3681 749 3736 bic
763 3682 926 3738 exbibenda
941 3687 983 3735 est
998 3698 1031 3736 cr
1042 3681 1140 3736 codice
1156 3684 1346 3739 Peleteriano.
1370 3683 1588 3748 Qunstinneulae
1648 3683 1716 3740 boni

80 3756 502 3824 proponunturquassequnntnr
514 3753 544 3826 ip
553 3752 759 3823 nascespousa.
768 3753 800 3806 lu
815 3753 859 3809 bis
876 3753 1010 3809 landatur
1020 3753 1228 3820 DeiPiili'nodi'c,
1239 3771 1326 3826 quam
1336 3753 1716 3825 composititHi'tnriiisPictn·

80 3822 143 3873 nans
153 3824 292 3895 episcopiis,
306 3821 335 3878 id
344 3824 539 3879 estcanticum
551 3824 586 3878 Te
597 3823 687 3878 Deion
697 3824 849 3893 lniidnnns,
857 3823 1017 3898 Augustino
1028 3824 1195 3896 ascriptum,
1203 3825 1281 3896 qnod
1289 3825 1370 3881 Abbo
1379 3829 1477 3881 sancto
1486 3824 1593 3881 Hilario
1603 3824 1715 3882 tribuit.

417 4077 821 4224 sennar
877 4074 1355 4248 aaronis
1500 4037 1506 4048 ’

677 4282 926 4341 runnincansls
945 4284 1089 4340 nssenris

137 4414 750 4697 OUAESTIOrnls
827 4421 1631 4566 GRAMMATICALES

647 4625 700 4681 idai
715 4623 830 4682 Classi'ci'
845 4623 987 4695 ductores,
1003 4625 1035 4694 V,
1053 4625 1126 4698 (iili.)

670 4858 1092 4987 MONITUM·

74 5025 169 5100 Pinntt
180 5043 242 5103 tioc
255 5047 462 5116 opiisciitnin
477 5059 523 5106 ecc
536 5047 651 5107 conice
666 5049 761 5120 rento
784 5045 949 5106 Vaticano
963 5049 1065 5114 enine
1078 5047 1166 5106 ictas
1183 5047 1251 5118 inst
1260 5047 1398 5108 onctoin'
1409 5061 1542 5121 sepner
1557 5051 1707 5112 videtur.

102 5118 248 5190 Profecto
264 5121 370 5195 nin'ns
383 5129 538 5199 opnscnli'
549 5127 754 5198 perbrevem
763 5126 903 5198 partein
916 5129 1071 5201 vntnnei't
1081 5127 1301 5187 mabillonius
1313 5129 1350 5187 tn
1363 5130 1556 5191 Annalibus
1570 5133 1706 5204 Benna,

102 5197 205 5341 {22qu
211 5203 247 5274 V,
263 5208 423 5278 append,
438 5221 472 5279 p.
484 5209 550 5266 631
568 5224 580 5278 ,·
589 5209 650 5266 scil
663 5210 839 5280 qiitopois
853 5206 962 5266 nintto
977 5211 1135 5268 moninio
1149 5206 1312 5278 nectentis
1326 5209 1403 5270 erat
1415 5212 1554 5279 inedito.
1566 5224 1645 5272 enin
1655 5213 1709 5272 lii'c

104 5403 327 5502 tqbilectissimis
340 5411 368 5466 in
387 5412 499 5468 Christo
512 5412 681 5485 Angligenis
706 5413 854 5483 iratribus,
904 5431 937 5470 er
947 5413 1120 5470 floriacensi
1128 5415 1396 5490 coenobioejusdem
1404 5417 1497 5475 Patris
1505 5419 1708 5474 iemnlabaao

77 5501 235 5568 maximeque
250 5498 281 5551 in
298 5500 473 5556 monasterio
487 5502 577 5556 sancti
597 5501 688 5557 Patris
706 5502 854 5558 Benedicti
903 5505 1155 5574 qenereFrancus,
1173 5505 1349 5577 professione
1365 5507 1533 5575 monachus,
1544 5506 1708 5562 ot'ilciodia·

77 5577 114 5630 iib
127 5582 218 5639 sclicla
230 5585 369 5642 virtutum
385 5590 555 5662 regulariter
569 5591 657 5648 vitam
671 5591 851 5667 degentibus.
905 5609 1003 5664 conus,
1015 5593 1045 5654 in
1057 5593 1246 5650 essentialiter
1254 5594 1436 5652 bonosalntis
1446 5598 1592 5668 perpetuis
1601 5613 1705 5653 munus

195 5683 315 5742 Parnoi..
332 5685 456 5746 cxxxix.
1497 5697 1528 5750 ll
