3992 6180
141 481 208 546 1166
758 465 978 566 6116116611
996 477 1180 540 66661161
1730 475 1801 550 sisa

138 604 835 678 6666661166666166161616.1116661161666ηά6
856 621 940 662 cons-,
955 603 1133 678 Aquoniam
1156 602 1215 660 sias
1232 602 1352 677 justitiae
1375 604 1545 676 ambulavit,
1565 606 1710 684 suscipere
1737 627 1802 671 me-

139 696 229 770 pectis
243 695 333 770 copiis
348 695 458 752 veniret
473 696 510 751 ud
532 694 721 752 occidentalia
742 695 869 768 6611666
891 695 942 750 Ec·
994 697 1106 751 ruerat.

140 784 231 841 clesiae
245 784 372 853 climata,
387 783 496 840 audivit
508 782 621 840 eminus
641 800 742 840 rocem
756 784 865 841 coelitus
880 783 942 839 ino·
1031 785 1076 839 31.
1098 783 1179 838 Ν666
1194 799 1275 857 ergo,
1290 783 1431 858 quoniam
1444 775 1577 843 uniuersa
1591 788 1736 846 bonorum
1752 806 1799 847 ec·

140 873 239 948 pinato
249 873 350 929 omine
364 871 535 942 immissam,
552 889 616 946 quae
638 889 735 928 secum
760 871 944 928 incedentem
996 875 1078 928 tuum
1094 887 1213 927 suorum
1229 872 1373 942 exercitia,
1390 873 1413 929 si
1428 874 1475 930 die
1486 876 1632 948 noctuque
1642 875 1672 932 in
1684 893 1800 934 summa

141 962 319 1023 monachum
330 962 367 1018 ad
378 961 505 1018 coelestes
518 960 633 1018 delicias
644 961 752 1017 blando
766 960 818 1016 sub
829 960 943 1034 eloquio
996 959 1193 1016 meditationis
1219 960 1386 1032 sagacitate,
1402 978 1507 1019 somno
1524 965 1650 1020 naturali
1661 964 1799 1039 privatus,

141 1048 321 1117 invitaverat,
337 1049 436 1105 dicens
450 1066 458 1105 z
470 1049 551 1118 Veni,
567 1048 642 1118 veui,
652 1048 781 1122 AEllsige,
798 1049 862 1104 seni
881 1064 889 1104 t
905 1048 944 1104 sic
995 1048 1181 1112 immorarer,
1194 1064 1307 1121 nequeo
1321 1050 1475 1121 explanare
1488 1067 1496 1121 ;
1507 1056 1800 1124 aequumtumenesse

141 1137 220 1193 enim
232 1140 310 1218 erat,
322 1141 353 1192 ut
366 1137 480 1210 opinor,
490 1137 619 1208 ejusdem
629 1137 725 1193 fratris
735 1153 856 1193 nomen.
865 1136 944 1193 Tunc
995 1136 1121 1194 arbitror
1133 1139 1165 1192 ut
1179 1151 1214 1191 aa
1229 1137 1332 1193 saltem
1341 1154 1406 1209 qnae
1418 1141 1462 1194 vel
1474 1144 1592 1212 egomet
1598 1139 1655 1198 vidi
1664 1141 1708 1198 vel
1717 1141 1799 1198 audi·

141 1228 244 1282 Beatus
258 1227 301 1280 vir
315 1224 411 1282 meriti
424 1225 535 1281 clientis
548 1225 591 1280 sui
606 1225 826 1282 advocationem
836 1223 942 1280 intelli·
994 1225 1033 1294 vi,
1046 1225 1127 1298 justa
1150 1224 1201 1280 ltei
1223 1225 1424 1281 admonitione
1449 1226 1621 1298 stimulatus,
1639 1245 1693 1303 pro
1716 1245 1800 1304 posse

140 1332 223 1388 gens,
239 1314 330 1370 dixit:
349 1315 484 1373 accelera
499 1331 568 1386 ergo
586 1313 711 1385 fortiter,
734 1314 835 1381 trater,
854 1329 944 1386 appa·
994 1313 1141 1370 charitatis
1153 1313 1290 1368 enodem.
1304 1313 1801 1383 tluicetenim,dumtaediosumhu·

140 1419 205 1460 rare
219 1406 249 1458 te
264 1402 447 1477 quantocius3
464 1401 603 1474 quoniam
616 1401 717 1458 diebus
730 1401 884 1470 citissimis,
896 1417 943 1456 ro·
990 1402 1038 1473 jus
1063 1401 1128 1456 vitae
1152 1399 1311 1457 incolatum
1335 1401 1478 1458 laboriose
1500 1403 1630 1474 incoluit,
1650 1421 1800 1463 summum

141 1494 221 1547 catus
236 1507 253 1546 a
268 1491 403 1549 Domino.
415 1490 451 1547 ab
463 1490 548 1561 hujus
559 1489 662 1546 muudi
681 1489 780 1546 scoriis
803 1489 943 1561 migrabis
994 1489 1122 1544 studium
1133 1488 1188 1544 fuit
1202 1491 1234 1544 ut
1246 1488 1379 1545 uidelicet
1393 1491 1481 1546 sacris
1492 1490 1522 1546 in
1534 1491 1714 1548 orationibus
1725 1496 1755 1550 et
1768 1494 1799 1551 iu

141 1580 179 1635 ad
193 1581 299 1651 ipsum.
314 1579 397 1645 Quod
412 1579 529 1653 quidem
545 1577 645 1634 'diebus
667 1595 726 1637 non
751 1579 823 1635 adeo
845 1578 943 1634 multis
993 1578 1134 1635 davidicis
1151 1578 1252 1634 decem
1278 1578 1453 1634 chordarum
1477 1579 1646 1652 psalmodiis
1662 1579 1727 1653 jugi
1741 1581 1801 1637 ire·

141 1666 318 1741 interpositis
331 1668 372 1724 ita
385 1667 421 1723 de
434 1684 479 1736 eo,
494 1671 526 1724 ut
548 1667 731 1740 praedixerat,
748 1667 889 1741 probabili
902 1667 945 1722 in·
994 1668 1113 1741 quentia
1125 1667 1281 1735 insisteret,
1297 1668 1347 1722 aut
1360 1666 1507 1740 invigiliis
1527 1685 1645 1724 suavem
1662 1684 1800 1726 somnum

142 1756 237 1812 diculo
251 1755 442 1829 adimpletum
453 1759 506 1812 est.
520 1758 560 1812 De
570 1755 675 1812 1116616
686 1757 790 1812 eodem
799 1757 861 1812 loco
872 1773 945 1829 qna·
994 1757 1158 1830 superando
1174 1757 1360 1828 pernoctaret
1374 1755 1506 1823 assiduis,
1521 1756 1614 1812 autin
1629 1756 1800 1814 ecclesiasti·

141 1845 255 1901 dratam
268 1845 386 1918 paribus
405 1845 518 1917 augulis
542 1845 691 1901 ecclesiam
706 1845 735 1900 in
755 1846 876 1901 modum
901 1844 943 1900 fa·
995 1845 1034 1901 cis
1046 1844 1173 1902 feruidus
1187 1861 1302 1918 semper
1312 1843 1461 1900 insudaret
1469 1844 1585 1916 operari
1596 1844 1742 1918 operibus;
1750 1850 1800 1904 aut

141 1934 260 1990 nuucuti
273 1938 439 1990 construere
448 1933 544 2004 jussit,
556 1936 585 2014 et
597 1937 792 1991 constructam
806 1934 836 1990 in
850 1934 943 1991 11666-
956 1933 1083 1999 Batiam
1098 1934 1254 1990 mendosos
1267 1933 1367 2003 libros,
1384 1934 1454 1990 dum
1468 1932 1595 2006 primam
1608 1932 1729 1990 orientis
1741 1934 1799 1991 diei

142 2039 205 2079 rem
217 2023 288 2079 almi
302 2023 436 2097 Baptistae
444 2024 562 2079 loannis
576 2023 735 2081 honorilice
755 2022 943 2080 consecrauit.
994 2024 1088 2080 lucem
1103 2023 1234 2080 contueri
1250 2023 1354 2096 potuit,
1376 2039 1459 2079 erasa
1478 2023 1652 2097 scriptorum
1672 2022 1798 2081 talsitate

142 2112 165 2168 0
180 2128 322 2186 magnum
337 2112 455 2184 gloriosi
465 2113 594 2183 praesulis
607 2113 755 2178 meritum,
772 2112 822 2185 qui
837 2111 945 2168 meruit
994 2112 1172 2186 corrigeret3
1193 2111 1690 2169 661616616611616616161611616
1710 2114 1739 2169 et
1756 2111 1798 2169 ui-

141 2201 239 2257 rivens
252 2201 350 2257 videre
366 2203 539 2274 augelorum
552 2201 685 2270 visiones,
702 2219 842 2274 vocesque
855 2202 945 2257 mira·
994 2217 1059 2256 rum
1080 2201 1176 2275 sagaci
1196 2201 1315 2275 ingenio
1341 2201 1500 2272 judicando
1528 2200 1723 2268 discernerets
1750 2204 1800 2258 eut

141 2290 217 2346 biles
231 2290 402 2346 eorumdem
419 2289 543 2345 audiret
994 2289 1144 2362 inpacatos
1157 2306 1287 2364 quosque
1310 2291 1354 2344 rel
1377 2289 1505 2345 rixantes
1525 2289 1638 2362 placido
1663 2305 1799 2346 sermone

179 2381 223 2434 36.
240 2377 309 2433 11616
318 2377 405 2450 igitur
416 2379 486 2434 dum
499 2379 528 2434 in
544 2377 662 2451 propria
676 2381 844 2450 praesulatus
855 2378 898 2435 sui
909 2379 946 2434 ci·
995 2379 1324 2434 concordeselticeretet
1334 2378 1464 2450 quietos3
1480 2376 1640 2445 autriduis,
1649 2379 1798 2451 orphanis,

141 2466 230 2524 ritate
241 2467 569 2534 commanebat‚sanctae
578 2467 796 2523 consuetudinis
807 2468 883 2524 inter
893 2484 946 2524 ere·
996 2467 1156 2541 peregrinis
1166 2470 1196 2523 et
1209 2466 1327 2524 advenis
1335 2466 1365 2521 16
1378 2467 1435 2522 suis
1445 2465 1661 2523 necessitatibus
1672 2467 1721 2538 pio
1732 2482 1799 2540 pro·

141 2553 800 2622 terasublimitatumstudialuit‚ucinsecretis
815 2556 945 2612 noctium
995 2557 1095 2612 suisset
1121 2555 1313 2625 adminiculo;
1340 2558 1390 2610 aut
1419 2557 1450 2611 ut
1472 2554 1550 2626 justa
1572 2555 1801 2626 sequestratione

141 2642 323 2716 temporibus
341 2642 394 2714 (63)
411 2647 510 2698 sancta
523 2643 597 2711 loca,
610 2647 729 2714 propter
740 2643 946 2700 multimodam
996 2645 1095 2718 inepte
1107 2646 1154 2701 rel
1169 2643 1450 2716 injustadissociaret
1465 2643 1610 2717 conjugia,
1624 2645 1801 2701 automuem
1825 2629 1830 2640 ’

142 2732 318 2806 populorum
327 2732 400 2788 adae
410 2731 587 2787 venientium
598 2732 848 2801 inboesiouem,uel
857 2733 946 2790 etiam
996 2735 1159 2789 humanum
1175 2732 1311 2788 ordinem
1334 2732 1445 2788 trifarie
1467 2732 1604 2804 paratum
1626 2732 1657 2789 16
1681 2730 1801 2805 proprio

143 2821 268 2876 aliorum
282 2821 441 2876 multorum
464 2821 695 2891 occupationem,
710 2826 808 2877 sancta
832 2837 948 2895 semper
997 2820 1149 2878 soliditatis
1158 2819 1306 2892 proposito
1323 2820 1410 2876 serbo
1424 2818 1489 2876 vitre
1499 2819 1632 2875 firmaret
1646 2820 1690 2874 rel
1703 2834 1801 2875 exem·

143 2908 307 2982 psalmodia
320 2909 501 2964 decantando
516 2909 660 2965 lustraret.
674 2912 708 2966 Et
718 2909 796 2966 venit
810 2910 864 2966 bac
882 2910 947 2981 lege
997 2911 1057 2984 plo,
1069 2911 1121 2966 aut
1132 2909 1168 2965 de
1177 2909 1256 2982 justo
1268 2907 1488 2980 conquisitionis
1498 2925 1557 2964 sure
1566 2923 1655 2964 censu
1667 2907 1801 2964 ecclesias

143 2995 292 3068 religionis
307 2995 428 3052 innexus
441 2996 477 3052 ad
492 2997 562 3052 almi
577 2997 668 3054 Patris
678 2998 830 3072 Augustini
842 2997 949 3054 611166-
998 2998 1049 3056 1161
1062 2997 1167 3073 placita
1173 2997 1317 3069 probitate
1327 2997 1490 3053 sublevarat
1498 2994 1801 3065 ditandas3autetiam

143 3089 215 3156 lam,
231 3085 390 3156 nocturnis,
404 3087 436 3140 nt
459 3085 526 3154 dixi,
549 3086 729 3159 temporibus
754 3089 903 3143 oraturus:
920 3090 950 3142 et
998 3087 1146 3160 utriusque
1162 3085 1273 3143 ordinis
1287 3086 1447 3158 imperitos,
1466 3085 1542 3140 viros
1556 3084 1688 3141 videlicet
1699 3085 1744 3140 rel
1757 3085 1803 3141 le·

143 3174 215 3231 dum
226 3191 255 3230 se
269 3174 357 3231 sacris
371 3173 443 3229 inibi
454 3175 602 3247 suppleret
612 3175 800 3244 orationibus,
813 3175 951 3248 processit
999 3177 1104 3245 minas,
1120 3193 1307 3250 quoscunque
1329 3175 1375 3231 die
1397 3177 1542 3248 noctuque
1560 3176 1675 3250 poterat
1693 3173 1804 3232 coelesti
1850 3177 1854 3180 ’

142 3262 359 3318 adorientalem
370 3261 420 3318 liei
431 3277 582 3334 puerperae
593 3264 650 3336 (ut)
660 3265 984 3332 ecclesianr,tantum·c
999 3267 1069 3334 sele,
1080 3264 1110 3320 id
1125 3268 1169 3321 est
1183 3264 1315 3320 salutaris
1332 3263 1482 3335 sapientire
1498 3263 1685 3332 documento,
1701 3263 1804 3320 condi·

143 3351 212 3406 dem
222 3354 401 3423 precaturus.
423 3350 553 3424 Cumque
569 3351 606 3408 ad
627 3353 703 3408 hanc
724 3352 949 3426 propinquando
1000 3358 1055 3410 ret.
1069 3353 1195 3427 ideoque
1209 3350 1804 3424 66161616666661166161661166161666166
1837 3371 1839 3376 ·

141 3439 352 3512 psallendoque
375 3438 511 3508 venisset,
538 3439 614 3497 torta
637 3457 670 3496 ex
696 3439 841 3514 insperato
858 3441 951 3498 noctis
1001 3444 1101 3498 sancta
1113 3442 1224 3515 repleta
1239 3444 1293 3509 est,
1303 3440 1418 3514 fulgens
1430 3456 1530 3496 coram
1554 3439 1657 3496 Decet
1676 3439 1804 3495 homini·

142 3531 250 3584 euentu
264 3527 397 3584 audierat
409 3529 537 3584 insolitas
560 3529 756 3585 sonoritarum
774 3530 831 3604 (65)
857 3547 949 3598 voces,
1000 3531 1064 3598 bus,
1086 3531 1159 3586 sicut
1181 3531 1223 3586 sol
1238 3532 1267 3586 et
1281 3530 1351 3585 luna
1367 3533 1437 3586 :aut
1460 3529 1550 3586 etiam
1566 3527 1684 3601 quaudo
1694 3527 1806 3586 debitas

140 3616 242 3674 subtili
252 3617 453 3672 modulamine
468 3616 499 3672 in
515 3617 569 3673 hac
580 3616 684 3674 eadem
699 3618 817 3674 basilica
832 3635 950 3675 conare·
1001 3617 1183 3674 vernulitatis
1198 3617 1255 3691 (66)
1270 3635 1329 3674 sum
1351 3618 1438 3674 horas
1453 3620 1630 3690 caeterasque
1650 3616 1806 3674 missarum

140 3707 258 3779 pantes.
273 3707 310 3760 At
322 3706 370 3760 1116
383 3705 522 3761 66611666
537 3722 590 3778 per
605 3705 764 3778 quemdam
777 3707 867 3779 patuli
875 3708 952 3762 lora·
1003 3707 1213 3764 celebrationes
1233 3707 1344 3764 Christo
1368 3705 1492 3763 Domino
1508 3706 1619 3763 solvere
1639 3706 1807 3776 censuisset,

142 3793 358 3850 minishiatum
375 3793 540 3865 inspiciens,
558 3793 629 3850 sidit
645 3796 836 3868 praelocutam
863 3796 953 3851 eccle·
1004 3795 1205 3852 tentamentis
1219 3794 1387 3866 integritate
1400 3811 1449 3850 eas
1466 3793 1648 3850 decantando
1670 3794 1806 3862 exercuit,

140 3882 220 3939 siam
234 3881 315 3938 omui
328 3899 389 3938 esso
400 3882 511 3954 fulgida
526 3883 589 3939 lnce
603 3883 801 3956 pertusam,et
811 3883 956 3956 virgineas
1005 3889 1038 3940 ut
1049 3900 1116 3940 cum
1131 3883 1192 3954 ipso
1208 3882 1332 3940 Domino
1352 3881 1425 3938 lucie
1448 3881 1486 3938 ad
1508 3881 1613 3938 taciem
1627 3880 1683 3937 tari
1695 3881 1810 3938 ridere·

142 3971 266 4027 durmas
275 3971 307 4026 16
321 3973 409 4027 choro
424 3971 538 4044 gyranti
551 3972 694 4046 hymnum
707 3973 784 4028 hunc
798 3975 893 4046 poetae
908 3973 956 4028 Se·
1004 3975 1069 4038 turc
1083 3971 1151 4028 licet
1165 3975 1252 4028 antea
1266 3973 1296 4027 et
1308 3969 1512 4028 tumultuantis
1521 3969 1620 4044 populi
1628 3969 1810 4026 conflictibus

142 4059 221 4115 utilii
244 4060 409 4116 cursitando
431 4064 580 4117 cantantes
596 4077 602 4116 :
621 4059 789 4130 Cantemus,
805 4061 884 4130 socii,
899 4062 955 4118 lic·
1006 4061 1132 4118 nimium
1144 4063 1219 4116 esset
1230 4058 1359 4116 irretitus
1372 4078 1380 4130 ς
1391 4059 1480 4116 oculis
1494 4059 1614 4115 interim
1628 4072 1662 4114 ac
1675 4057 1810 4114 manibus

141 4164 244 4217 smne,
259 4151 315 4208 ete.
335 4149 466 4222 ltemque
484 4149 639 4221 perpendit
668 4150 785 4206 easdem
806 4153 872 4223 post
892 4167 957 4206 rer·
1007 4167 1089 4207 more
1102 4152 1134 4209 B.
1151 4143 1266 4206 ldartini
1284 4148 1315 4205 16
1333 4150 1438 4206 coelum
1453 4160 1570 4221 semper
1589 4145 1720 4215 intentis,
1733 4162 1811 4202 nuu-

141 4253 211 4293 sum
219 4240 368 4293 etrersum
380 4238 740 4312 vocereciproca,quasiin
750 4238 958 4296 circumitionis
1007 4255 1095 4314 quam
1110 4240 1146 4295 ab
1166 4237 1296 4294 oratioue
1320 4237 1454 4311 spiritum
1475 4236 1616 4293 relaxans.
1633 4233 1811 4308 Quotiesque

139 4341 192 4382 um
213 4325 958 4400 concentu,primumversiculumejusdemhymni·
1006 4330 1126 4405 aliquod
1138 4328 1217 4385 aliud
1240 4345 1311 4402 opus
1334 4325 1521 4400 perfectionis
1538 4325 1634 4398 dignm
1651 4325 1696 4380 uel
1720 4323 1810 4382 etium

140 4412 954 4487 culimerebumauarumvirginumrepsalleredicentes2
1006 4417 1092 4476 lauda
1106 4420 1264 4486 exerceret,
1279 4416 1309 4472 iu
1324 4417 1413 4473 sacris
1425 4415 1515 4472 etiam
1531 4413 1717 4471 sacerdotum
1730 4413 1809 4471 ordi-

183 4503 349 4574 Cautemus,
366 4504 445 4572 socii,
460 4503 596 4573 Domino,
616 4508 770 4561 cantemus
783 4504 928 4561 honorem
946 4522 953 4563 :
969 4481 1812 4578 Ι)11611611111ιιε,6661611661116661616111116166666666-

183 4591 280 4648 Dulcis
295 4608 379 4648 amor
395 4591 499 4648 Christi
514 4596 654 4665 personet
668 4609 718 4649 ore
733 4593 793 4666 pio,
810 4597 865 4649 etc.
1006 4594 1143 4663 tionibus,
1158 4611 1208 4651 seu
1223 4593 1312 4650 etiem
1329 4591 1359 4650 in
1374 4591 1551 4666 quibuslibet
1573 4606 1674 4648 rerum
1697 4590 1811 4648 diuine-

138 4681 215 4740 lloec
229 4680 349 4754 inquam
359 4679 524 4736 veneranda
537 4679 685 4736 donorum
700 4679 875 4752 spiritalium
884 4681 954 4738 insi·
1005 4701 1072 4741 rum
1082 4681 1320 4751 institutionibus,
1335 4681 1391 4738 hoc
1401 4695 1518 4752 semper
1530 4679 1622 4737 nimio
1640 4695 1707 4736 rore
1721 4679 1813 4754 lacry-
1880 4697 1885 4702 ·

136 4769 518 4844 guimaliaqueinnumera,
530 4785 594 4843 6166
606 4785 660 4826 666
669 4785 724 4843 ego
737 4786 790 4827 neo
802 4771 956 4845 aliusquis·
1006 4789 1123 4830 marum
1139 4770 1263 4845 peregit,
1278 4787 1350 4844 quus
1361 4768 1510 4826 invisibilis
1532 4768 1680 4826 habitator
1692 4774 1808 4827 sauctus

138 4874 240 4933 611661
254 4857 338 4930 hujus
350 4857 416 4913 vitre
434 4858 529 4914 incola
543 4858 675 4930 quolibet
692 4859 823 4915 humano
839 4860 955 4934 eloquio
1006 4877 1121 4938 quoque
1147 4859 1279 4932 Spiritus,
1295 4859 1346 4931 qui
1371 4859 1403 4914 iu
1427 4873 1462 4914 eo
1479 4855 1591 4931 jugiter
1609 4857 1760 4928 habitavit,
1775 4875 1812 4916 ex
1836 4847 1847 4864 ’

135 4947 288 5025 praevalet
319 4963 466 5016 enarrare,
494 4946 627 5020 egregius
648 4949 753 5022 praesul
780 4948 954 5020 Dunsteuus,
1007 4952 1157 5010 oculorum
1171 4946 1270 5004 rivulis
1283 4950 1421 5022 potenter
1435 4945 1544 5004 elicuit.

186 5055 245 5128 (oa)
257 5055 362 5111 1611116
376 5055 405 5112 S.
422 5055 953 5127 1111161661ῑὶ66316666116161624116-
1004 5055 1112 5112 cuidam
1129 5055 1186 5110 uiro
1203 5055 1340 5125 apparuit,
1367 5052 1482 5110 usco:
1506 5049 1579 5108 Vade
1591 5061 1616 5108 61
1635 5053 1811 5124 111661ιὶ16666

137 5126 271 5194 brraarii,
285 5144 314 5186 u.
331 5129 346 5182 3
369 5127 423 5184 ista
444 5127 607 5182 habentur:
622 5127 672 5183 Ad
692 5130 880 5184 monasterium
898 5127 953 5185 SS.
1003 5121 1809 5196 1166616661Η661111666661Ῑ61661160166116666-

135 5199 231 5258 Petri
243 5204 267 5252 61
280 5197 365 5253 Pauli
383 5198 415 5254 S.
433 5199 591 5255 Dunstouus
610 5199 706 5253 crebris
723 5201 843 5254 noctibus
858 5200 955 5256 orandi
1004 5217 1063 5254 uus.
1080 5197 1123 5252 Tu
1137 5200 1165 5252 iu
1186 5195 1307 5251 domibus
1321 5195 1464 5267 diligenter
1478 5196 1607 5266 coopertis
1622 5193 1769 5264 requiescis,
1785 5199 1813 5247 et

134 5273 244 5346 966116
257 5272 371 5335 ueniens,
383 5271 513 5326 6161666111
525 5269 701 5341 supernorum
716 5273 815 5325 ciuium
829 5271 916 5326 uidero
927 5278 952 5327 61
1003 5271 1095 5327 Mater
1109 5268 1223 5324 Domini
1239 5270 1324 5323 uestri
1337 5275 1418 5340 61666
1432 5283 1479 5322 uos
1492 5264 1594 5337 fumali
1606 5264 1649 5318 sui
1664 5266 1739 5346 66161
1753 5262 1813 5319 coeli

135 5341 257 5413 hymnis
266 5340 409 5396 celestibus
420 5344 540 5396 iuteresse
557 5343 664 5396 meruit.
681 5340 736 5408 Qui
751 5343 845 5414 saepius
856 5341 953 5398 11161166
998 5343 1115 5414 jacturae
1123 5345 1257 5411 putemus.
1274 5338 1333 5406 Ouo
1349 5339 1441 5394 cudite
1454 5338 1612 5391 Dorostorus
1623 5333 1759 5391 6661661661
1775 5333 1809 5392 S.

134 5415 242 5488 fertur
255 5411 325 5485 qued
338 5412 487 5486 ubicunque
508 5415 536 5467 iu
556 5413 665 5468 ecelesia
690 5413 733 5468 661
751 5415 896 5470 eumeleus
929 5432 954 5468 6-
1002 5412 1222 5483 Muriureparat
1237 5427 1244 5466 :
1259 5427 1342 5484 quoru
1360 5405 1810 5478 clementissimumque

135 5485 526 5556 demonstrassemus
549 5483 663 5566 61166661
685 5492 840 5541 sanctorum
855 5501 891 5557 pe
911 5501 953 5539 em
1001 5485 1072 5556 pulis
1087 5481 1387 5556 uectidcssrequeutcre
1405 5476 1515 5534 saleim.
1530 5475 1617 5532 Nocte
1632 5483 1723 5534 cutem
1752 5493 1810 5552 666

135 5553 277 5624 calcaret,
301 5555 365 5612 6166
387 5555 611 5628 166666161661661
631 5556 880 5629 sanctorumpleuc
901 5573 953 5613 esse
1002 5553 1160 5611 clamidem
1187 5555 1322 5627 episcopus
1347 5550 1483 5610 6661661661
1507 5547 1653 5618 ingressus,
1681 5547 1749 5604 cidit
1775 5547 1809 5606 S.

135 5628 274 5688 63361111·
1002 5625 1163 5684 Adriooum
1181 5627 1254 5682 16161·
1272 5627 1364 5680 cheros
1384 5619 1527 5678 6616611661
1546 5633 1607 5678 cum
1630 5621 1687 5695 ipso
1715 5618 1814 5678 6161611

186 5696 246 5770 (tt)
261 5697 301 5754 116
315 5698 369 5756 hac
383 5697 514 5772 Deiparoe
526 5698 645 5772 virginis
658 5699 777 5756 ecclesia
790 5698 853 5756 1166
868 5716 950 5756 reve-
1002 5695 1319 5756 66616666116661661616
1333 5692 1495 5752 Dominum.

133 5767 223 5832 latio
231 5767 355 5826 refertur
363 5769 394 5825 in
407 5769 509 5826 Vitas.
523 5770 643 5828 Adriani
655 5771 778 5837 abbatis,
788 5771 949 5840 ttanuarii,
1036 5769 1237 5918 6666666616
1251 5765 1308 5823 dici
1322 5765 1438 5822 uidetur
1470 5777 1504 5818 ro
1516 5761 1668 5822 6111661116.

133 5861 182 5908 n.
201 5837 529 5918 merumvastem
548 5844 688 5919 requiescit
704 5841 826 5917 66616116,
840 5846 873 5906 16
897 5845 952 5902 riso
1048 5841 1095 5917 66)
1116 5835 1429 5902 remurmurans
1461 5835 1539 5904 ctus,
