4022 6188
89 415 158 476 leae
721 395 801 460 iul
817 392 1059 460 abstentionis
1079 393 1114 462 u.
1684 389 1752 458 tera

83 541 131 596 ria
146 535 320 612 plenissimis
334 533 477 590 deflentur
492 529 721 603 acdeplorantur
740 529 804 602 (3¹2).
830 528 896 582 lam
908 530 936 588 A
947 541 1090 582 annorum
1105 519 1255 587 curricula,
1269 517 1383 592 etquod
1394 517 1508 592 grarim
1518 522 1590 588 erat,
1607 520 1661 576 hae
1673 524 1754 578 tanta

83 632 164 686 certe
178 628 207 682 in
218 626 394 692 hacnostra,
404 637 456 694 pro
468 619 566 676 dolori
580 621 729 690 tempora3
740 619 770 672 et
784 616 896 670 utinam
946 613 1164 686 importunitate
1173 609 1305 683 usquein
1321 625 1437 665 summa
1451 615 1755 685 vesperacousumptu

84 720 143 775 ista
155 717 216 788 ipsa
237 717 373 786 tempora
394 712 493 765 nostra
519 723 579 764 non
605 705 716 762 essenti
740 707 812 760 Nam
838 702 897 758 vita
947 706 976 758 et
985 703 1099 758 diducta
1113 704 1165 757 est.
1677 741 1684 748 .

84 809 156 866 odio
169 808 226 874 ast,
236 819 317 860 mors
330 817 396 856 vere
412 801 527 872 optatur
542 801 574 852 ul
586 796 663 864 assit,
678 793 818 868 quoniam
832 790 898 865 qui-
983 795 1027 848 29.
1043 790 1118 856 Quid
1132 789 1256 863 amplius
1270 788 1316 844 ⁷³?
1330 788 1492 844 Discessum
1515 790 1558 844 est
1577 791 1643 860 post
1663 787 1751 846 colle-

86 898 159 954 dem
172 895 218 951 cui
230 892 342 950 tollitur
354 891 430 947 uude
444 889 530 956 vivat,
545 885 691 960 quomodo
713 883 807 938 vivere
829 880 899 936 velit
947 880 1090 953 quium,et
1103 877 1193 934 tribus
1202 881 1252 933 aut
1265 879 1402 950 quattuor
1414 876 1545 933 miliariis
1557 879 1673 949 peracta
1688 876 1751 950 jam

84 987 214 1060 ignorat,
227 986 257 1039 et
270 981 316 1039 cui
326 983 456 1052 sumptus
466 977 520 1034 vire
540 976 637 1032 deesse
654 971 809 1044 contingit,
821 969 898 1025 viam
948 969 996 1024 die
1008 967 1104 1025 itineri
1115 965 1245 1022 insistere
1257 967 1431 1038 compulsus,
1462 965 1671 1022 Numeniacunr
1694 967 1753 1039 (31)

83 1075 215 1146 arripere
228 1070 349 1129 omnino
364 1068 511 1125 abhorret.
536 1063 626 1120 Urbes
641 1065 721 1118 certe
741 1058 898 1133 depopula-
948 1073 1038 1130 usque
1052 1057 1115 1112 sine
1129 1056 1201 1128 cybo
1215 1054 1303 1112 medii
1318 1055 1403 1111 lfadii
1415 1059 1547 1130 tempure
1566 1070 1642 1128 pene
1655 1055 1754 1112 media

82 1169 134 1235 tae,
148 1163 202 1219 rici
212 1165 241 1218 et
251 1161 329 1217 villa
338 1159 464 1216 iuceusae
482 1171 595 1222 omues,
607 1152 659 1208 viri
675 1167 780 1208 omues
804 1152 834 1204 et
856 1147 899 1202 fe·
949 1150 1033 1202 necte
1046 1143 1170 1213 devenit,
1187 1143 1303 1217 quando
1315 1143 1502 1199 diesnoctem
1516 1151 1540 1186 n
1562 1144 1626 1216 plns
1655 1143 1753 1200 minus

83 1255 175 1313 minse
190 1254 322 1309 ettotam
345 1247 543 1322 promiscuum
566 1243 668 1315 vulgus
697 1242 786 1308 ferro,
808 1237 897 1307 fama,

82 1347 153 1418 igne
166 1340 385 1416 pestilentiaque
396 1337 599 1402 consumtum
615 1331 697 1387 multi
713 1330 802 1386 etiam
818 1325 898 1382 nobi-

82 1435 167 1490 lesia
182 1431 382 1506 paupertatem
395 1431 424 1482 et
435 1440 575 1496 maguam
596 1419 744 1477 miseriam
761 1415 897 1490 devoluti,

948 1234 1035 1306 triplo
1052 1232 1255 1305 magnitudine
1268 1230 1364 1300 vineit,
1381 1235 1410 1287 et
1424 1231 1543 1288 tandem
1558 1247 1625 1287 cum
1639 1231 1752 1303 ingenti

948 1322 1076 1377 militum
1087 1320 1258 1376 manufesso
1271 1320 1394 1374 multum
1405 1335 1525 1390 corpore
1544 1320 1695 1376 refectioni
1710 1319 1754 1375 iu·

949 1411 1057 1482 dulget.
1073 1411 1108 1465 Ut
1117 1425 1184 1464 vero
1201 1409 1264 1464 erat
1291 1408 1380 1462 homo
1408 1407 1453 1462 cui
1478 1408 1602 1480 parcitas
1619 1407 1709 1464 vietus
1724 1410 1754 1464 et

81 1523 166 1578 multi
185 1521 281 1593 gladio
291 1515 530 1590 perempti,itaut
540 1511 627 1567 hodie
640 1527 706 1566 vere
722 1507 778 1563 dici
791 1504 896 1579 possitz
947 1501 1087 1572 cyborum
1098 1515 1214 1571 semper
1226 1495 1370 1553 contraria
1383 1497 1486 1561 extitit,
1497 1497 1653 1552 liberalitas
1668 1501 1697 1552 et
1711 1498 1752 1553 af·

80 1609 210 1667 Pervenit
227 1609 334 1682 gladius
348 1621 430 1678 usque
443 1603 479 1658 ad
493 1603 612 1657 animam
631 1595 894 1672 (Jer.1v,t0).Nam
946 1589 1066 1644 fluentia
1083 1590 1119 1644 ab
1130 1588 1248 1642 ineunte
1261 1589 1344 1642 [etate
1358 1586 1453 1641 amica
1474 1589 1503 1641 et
1528 1586 1689 1653 familiaris,
1703 1587 1752 1641 diu

79 1700 174 1756 viueae
190 1697 352 1763 eradicata,
365 1695 483 1749 arbores
497 1693 526 1746 et
539 1691 656 1748 arbusta
665 1687 773 1753 excisa;
790 1697 892 1738 mona·
945 1679 1126 1748 multumque
1141 1679 1170 1730 et
1183 1691 1258 1747 pene
1283 1691 1372 1746 usque
1401 1674 1431 1728 iu
1456 1675 1550 1729 lucem
1574 1690 1683 1732 sessum
1698 1677 1752 1743 est,

79 1788 169 1844 steria
187 1786 378 1860 depopulata3
394 1783 492 1853 etjam
502 1780 532 1835 in
545 1778 679 1851 proximo
692 1779 744 1838 est,
760 1777 802 1840 nt,
821 1769 891 1826 etlu-
943 1764 1114 1836 ingentique
1130 1763 1222 1818 letitia
1234 1762 1310 1818 inter
1325 1761 1537 1816 convivandum
1553 1777 1619 1816 usus
1629 1763 1672 1816 ast
1685 1777 1751 1818 cum

80 1877 157 1952 gatis
175 1874 393 1940 habitatoribus,
421 1885 570 1926 servorum
596 1870 625 1922 et
649 1864 822 1921 ancillarum
840 1857 892 1914 llei
941 1853 1062 1921 clericis,
1075 1849 1373 1925 quorumfrequentia
1384 1849 1437 1905 sibi
1455 1848 1752 1906 dumviriteontinua

79 1964 284 2022 habitaculain
299 1960 484 2018 solitudinem
499 1961 528 2014 et
540 1958 692 2012 heremum
702 1924 928 2007 vastissimamss
943 1947 972 1998 et
987 1942 1234 2009 dulcissimaerat,
1247 1955 1313 1994 cum
1333 1937 1413 1994 laicis
1432 1938 1609 1994 diversarum
1625 1937 1750 2010 dignita·

78 2053 216 2111 devenire
226 2055 376 2124 cogantur.
394 2049 501 2104 Verum
516 2046 586 2102 dnm
597 2044 690 2100 adhuc
701 2058 747 2096 res
756 2040 787 2094 in
805 2037 893 2094 dubio
943 2035 1016 2100 tuin,
1031 2030 1179 2102 nimieque
1193 2044 1294 2095 mora,
1311 2030 1342 2083 ut
1354 2031 1420 2100 post
1434 2027 1526 2099 patuit
1534 2031 1563 2084 et
1574 2031 1607 2083 ut
1620 2028 1749 2084 accidere

79 2147 135 2212 est,
151 2159 204 2198 nec
219 2142 294 2196 inter
308 2139 539 2210 compugnantes
553 2149 586 2190 ao
601 2131 747 2202 litigantes
761 2125 845 2183 alicui
855 2121 895 2179 ri·
944 2121 1025 2187 solet,
1042 2118 1142 2191 magni
1157 2119 1186 2174 et
1198 2133 1250 2189 per
1262 2118 1367 2172 cuncta
1380 2120 1512 2188 tempora
1524 2115 1641 2172 dolendi
1661 2116 1750 2172 detri-

78 2226 581 2297 ctoriadataast,dumetiampars
610 2220 684 2292 parti
716 2217 821 2273 cedere
841 2231 894 2269 ne·
945 2207 1277 2264 mentiosusafuerunt.
1294 2205 1449 2262 Nemdum
1464 2204 1552 2260 nimis
1575 2207 1604 2260 st
1627 2206 1691 2278 plus
1706 2205 1750 2262 ui·

79 2321 144 2389 scit,
156 2324 253 2375 trenas
266 2319 317 2373 has
332 2319 361 2371 et
374 2317 504 2371 lementa
512 2316 571 2367 tam
582 2307 716 2381 ingentia
729 2303 814 2362 alteri
828 2301 883 2359 scri
944 2297 1010 2364 mis,
1024 2296 1102 2368 quod
1114 2294 1229 2350 alterius
1241 2293 1379 2366 temporis
1393 2296 1465 2361 erat,
1478 2293 1613 2349 exercitio
1627 2310 1657 2348 se
1668 2294 1749 2364 dant,

944 2384 1063 2440 tandem
1081 2383 1119 2438 ad
1131 2382 1283 2455 hospitalia
1295 2381 1412 2454 propria
1418 2385 1572 2454 pergentes
1587 2381 1748 2451 discedunt,

943 2477 1028 2546 atque
1043 2488 1073 2527 se
1083 2471 1179 2543 sopori
1189 2471 1298 2525 tardius
1304 2471 1382 2540 justo
1398 2470 1557 2538 dederunt;
1570 2471 1672 2543 reliqui
1687 2472 1751 2543 qui-

942 2562 1009 2616 dem
1024 2561 1102 2634 quod
1113 2560 1213 2616 deerat
1227 2558 1318 2613 noctis
1331 2556 1449 2612 indiam
1462 2560 1633 2630 sequentem
1647 2575 1750 2614 somno

78 2409 179 2465 benda
192 2405 412 2472 committimus,
427 2417 536 2475 nosque
549 2402 650 2454 cuneta
671 2395 800 2468 pacifica,
821 2408 893 2447 cun-

78 2504 129 2556 cta
144 2499 307 2555 dulcissima
320 2496 435 2568 paginae
452 2497 558 2547 nostrae
572 2488 672 2544 indere
688 2484 826 2558 aggressi,
844 2483 893 2538 illa

78 2589 175 2644 tristia
188 2591 217 2642 et
231 2585 352 2659 posteris
363 2582 469 2639 nostris
483 2581 513 2636 iu
525 2580 585 2635 dies
597 2575 784 2648 deploranda,
793 2576 825 2626 ul
836 2573 891 2627 ele.

78 2677 298 2750 giacoplauctu,
314 2690 374 2730 uon
387 2672 482 2727 dicam
492 2671 588 2732 cautu,
616 2664 718 2736 aliquis
736 2659 889 2725 describat,
941 2649 1030 2705 dediti
1046 2649 1243 2705 restituerunt.
1272 2647 1329 2703 Sed
1354 2645 1422 2718 quia
1444 2646 1497 2701 dici
1513 2648 1586 2702 solet
1610 2663 1670 2703 non
1690 2663 1750 2703 esse

82 2766 286 2837 relinquimus.
941 2743 1069 2793 mortem
1082 2738 1144 2792 sine
1162 2736 1323 2802 occasione,
1347 2734 1519 2790 venerabilis
1538 2735 1669 2807 pontifex
1685 2753 1752 2792 con·

115 2860 159 2912 28.
171 2855 242 2909 Cum
257 2852 344 2925 igitur
358 2851 459 2906 beatus
473 2847 515 2902 vir
530 2849 558 2901 et
574 2846 631 2900 llao
641 2841 745 2914 dignus
756 2835 888 2894 sacerdos
940 2829 1052 2884 suetum
1072 2841 1185 2880 morem
1209 2823 1358 2896 praeterire
1384 2824 1496 2889 nolens,
1523 2823 1593 2895 quin
1620 2823 1752 2879 debitum

76 2944 221 3000 Adalbero
233 2957 286 3014 pro
301 2939 470 2994 meritorum
482 2950 590 3006 magna
600 2928 791 3003 prerogativa
802 2928 832 2980 ut
843 2940 888 2978 re·
942 2931 1048 2970 munus
1062 2915 1153 2968 noctis
1169 2915 1228 2967 [leo
1243 2911 1381 2976 exiberet,
1404 2910 1542 2980 vixcaput
1557 2910 1594 2964 ad
1602 2910 1752 2965 dormien-

314 3032 427 3100 tempus
451 3023 611 3086 adveniret,
638 3034 670 3075 ac
696 3015 890 3073 bonofineot
941 3004 1010 3058 dum
1027 3002 1193 3069 demiserat,
1222 3000 1267 3054 vix
1295 2998 1391 3070 sopori
1416 2997 1595 3069 aliquantulo
1617 2998 1752 3055 membra

76 3119 391 3192 bonapersevemntioe
403 3097 889 3173 termiuoconsummaretur,etqui
941 3091 1103 3146 tradiderat
1117 3086 1287 3155 tenerrima,
1304 3089 1333 3141 et
1348 3101 1414 3141 ecce
1433 3085 1524 3156 surgit
1551 3085 1587 3140 ad
1613 3086 1752 3142 coufiten-

80 3212 159 3267 bene
172 3210 279 3264 vixerat
301 3206 404 3262 melius
431 3207 460 3260 et
487 3201 660 3265 moreretur,
679 3196 745 3250 lieet
760 3193 890 3247 decessus
907 3155 1010 3234 Cdum
1024 3181 1082 3234 Deo
1097 3175 1298 3248 superjudicie
1308 3175 1427 3246 justitiae
1439 3173 1675 3247 ajus,devoteque
1687 3174 1750 3247 plus

81 3301 249 3354 sanctorum
261 3296 354 3351 verius
365 3293 499 3348 [ramirus
514 3291 549 3345 de
563 3290 655 3343 mmm
665 3285 701 3340 ad
714 3283 802 3338 vitam
813 3279 889 3334 dica·
941 3269 1023 3324 solito
1038 3283 1176 3340 expensas
1192 3265 1279 3322 oflicii
1290 3263 1466 3320 nocturnalis
1483 3265 1541 3318 lico
1557 3263 1750 3335 persolvebat;

472 3379 547 3434 mori
563 3375 612 3450 qui
628 3377 702 3431 hene
721 3371 802 3426 vivit:
815 3369 890 3423 sorte
941 3375 1007 3414 cum
1022 3358 1115 3413 subite
1131 3386 1163 3398 -
1179 3371 1325 3411 merorem
1347 3369 1466 3408 suorum
1485 3353 1590 3408 abhinc
1609 3353 1639 3408 in
1665 3369 1750 3408 evum

77 3035 284 3089 muneraretur

77 3391 138 3456 tur,
154 3390 184 3441 et
198 3403 256 3441 uon
269 3384 358 3458 possit
378 3383 452 3437 male

79 3471 475 3544 fuit,ntTeodericus‚frater
499 3467 588 3540 ipsius
613 3463 704 3519 nostri
733 3457 887 3533 pontificis,
940 3463 1164 3521 permansurum
1177 3443 1371 3501 reseraml-
1389 3443 1429 3498 sic
1451 3442 1556 3510 subito,
1577 3442 1616 3497 sic
1642 3443 1677 3498 de
1705 3459 1751 3499 re·

79 3581 128 3620 res
143 3563 283 3635 quasdam
295 3563 354 3616 lieo
368 3561 504 3614 etsancto
516 3553 637 3610 Amulio
648 3546 849 3615 auferens,diu
864 3547 893 3598 et
942 3541 1029 3609 pente
1043 3538 1176 3592 membra
1188 3535 1264 3591 beati
1280 3533 1331 3588 viri
1346 3535 1448 3588 cunata
1463 3531 1581 3604 paralisi
1601 3534 1748 3588 resolvun-

80 3651 356 3725 multumprecibus
377 3652 406 3704 et
425 3647 537 3718 legibus
565 3643 698 3708 tediatus,
726 3637 892 3693 condictum
942 3631 998 3694 tur,
1016 3628 1171 3682 utnullum
1190 3621 1752 3695 exhissuumofilciumperagereprae-

79 3740 326 3805 diemconstitnit‚
342 3741 373 3794 ut
387 3737 501 3792 decreto
520 3741 543 3777 ⁷1
557 3731 732 3804 sapientum,
749 3726 828 3797 cujus
843 3724 892 3794 jus
942 3717 1049 3783 valens,
1066 3718 1151 3769 terrae
1167 3715 1261 3768 tntum
1276 3727 1379 3782 corpus
1391 3709 1505 3776 darent,
1521 3711 1659 3782 tantaque
1673 3711 1751 3766 velo·

80 3835 133 3887 aut
146 3829 285 3903 injustitia
301 3830 383 3894 esset,
404 3825 563 3898 patesceret
583 3837 616 3876 ac
646 3816 891 3874 manifestaretur.
944 3805 1013 3860 citas
1023 3803 1110 3874 ipsius
1123 3799 1240 3874 pessimi
1255 3798 1351 3854 morbi
1366 3797 1396 3852 iu
1410 3796 1575 3869 arripiendo
1597 3797 1701 3864 extitit,
1719 3802 1751 3854 ut

82 3919 206 3976 Advenit
219 3917 364 3991 assignata
378 3915 438 3971 dies
453 3912 536 3986 (Mai.
553 3913 641 3978 111031,
659 3911 688 3962 et
701 3905 761 3961 dies
771 3904 820 3958 iila
834 3903 894 3956 tota
944 3894 1039 3950 nullus
1051 3890 1127 3946 casui
1140 3889 1216 3945 illius
1228 3902 1393 3942 succurrere
1409 3901 1443 3940 ex
1457 3883 1616 3940 astantibus
1638 3885 1749 3941 clericis

81 4009 127 4064 rei
142 4008 313 4063 ventilandae
328 4003 496 4061 necessitate
507 4000 679 4069 consumpta
694 3995 746 4060 est,
769 4007 833 4064 quea
848 3989 893 4043 ni·
944 3985 1050 4051 posset,
1066 3983 1224 4052 antequam
1249 3976 1326 4033 beati
1340 3973 1394 4030 viri
1412 3989 1514 4046 corpus
1541 3973 1602 4029 solo
1620 3976 1748 4046 proster-

84 4097 146 4154 miu
161 4097 266 4153 astatis
276 4097 496 4151 fervoreomues
508 4089 557 4162 qui
567 4085 746 4143 advenerant
756 4081 892 4144 adurens,
946 4073 1074 4126 ueretur.

85 4187 155 4259 quia
169 4186 214 4242 hic
226 4187 325 4241 beatus
336 4181 476 4256 pontifex,
486 4183 516 4234 ut
526 4194 593 4250 sepe
602 4174 736 4238 diximus,
750 4185 785 4226 er
805 4183 894 4240 gene·
984 4160 1027 4214 ³0.
1039 4159 1190 4211 Accessum
1201 4154 1243 4208 est
1254 4167 1324 4224 ergo
1333 4150 1432 4224 quiam
1442 4149 1524 4205 citius
1536 4151 1701 4222 potuerunt,
1716 4153 1747 4206 et

84 4291 119 4358 re
134 4278 164 4330 et
174 4274 333 4342 nobilitate,
347 4272 383 4327 ad
405 4270 459 4327 hoc
482 4285 516 4324 ex
533 4265 642 4338 proprii
661 4259 788 4334 corporis
806 4255 898 4313 nimia
947 4253 1013 4304 ecce
1026 4247 1078 4302 sub
1095 4241 1331 4300 tantavelocitate
1344 4255 1439 4312 nequo
1462 4255 1493 4294 os
1508 4253 1602 4311 neque
1615 4255 1675 4310 pes,
1692 4253 1752 4294 uon

87 4364 296 4430 ¹mbecillitate,
310 4363 384 4417 ultra
403 4375 491 4433 quam
510 4355 567 4412 dici
594 4355 690 4427 posset
717 4348 854 4405 delicatus
869 4346 898 4399 et
949 4353 1053 4393 manus
1066 4333 1234 4405 autlingua,
1248 4329 1357 4402 aliquid
1372 4329 1414 4382 sui
1438 4327 1524 4384 officii
1539 4327 1662 4398 implere
1679 4343 1752 4400 pras-

87 4455 173 4510 tener
187 4453 356 4519 habebatur,
376 4447 591 4521 impaciensque
599 4445 661 4498 erat
670 4437 803 4495 omnium
817 4434 897 4490 labo·
912 4424 1244 4511 Dvalebatlleportatus
1258 4421 1300 4473 est
1314 4417 1351 4472 ad
1361 4417 1468 4471 lectum
1489 4415 1656 4469 manibus⁷⁸
1672 4414 1757 4470 disci·

88 4528 901 4618 rumzquodproomnihujusritaecommodouumquam
950 4503 1758 4590 pulcrumperstititquetriduoconloquensnecaliquem

88 4635 167 4690 ferre
179 4631 298 4705 aggredi
309 4632 358 4685 aut
367 4627 451 4683 vellet
464 4628 514 4680 aut
523 4624 683 4696 posset,pro
692 4616 742 4673 Dei
756 4617 785 4672 et
797 4611 901 4669 Christr
951 4596 1302 4669 intendens,donectertio
1311 4595 1489 4665 dispulsatus
1498 4592 1760 4649 Dominussnorum

87 4738 190 4780 acuere
205 4725 234 4777 et
248 4736 300 4791 pro
311 4717 438 4783 creditae,
451 4713 505 4768 sibi
528 4708 664 4766 acclesiae
675 4702 847 4761 utilitatibus
857 4715 903 4753 su·
952 4693 1201 4767 precibus-nam
1212 4681 1537 4756 noneolumexproprio
1546 4681 1759 4754 episcopiam-

87 4814 154 4881 biit,
170 4806 423 4880 videlieetpondus
433 4803 489 4859 diei
501 4805 530 4856 et
540 4802 625 4856 aestus
638 4798 765 4870 portare,
776 4789 833 4846 diei
848 4786 902 4844 uti·
954 4798 1059 4838 rumex
1073 4779 1231 4834 inultarum
1241 4770 1579 4846 regionumangulisviri
1589 4773 1618 4826 et
1628 4771 1758 4842 feminas,

89 4919 148 4977 que
161 4900 245 4968 illius,
261 4897 341 4970 cujus
355 4893 458 4951 caloris
473 4890 608 4946 nimietas
619 4886 659 4942 sic
670 4879 863 4940 intolerabilis
878 4885 903 4921 τ’
953 4867 1089 4926 monachi
1103 4869 1133 4921 ct
1145 4863 1306 4929 monachae,
1321 4860 1409 4915 etiarn
1421 4857 1476 4932 ipsi
1495 4858 1615 4916 solitarii
1633 4863 1662 4916 et
1674 4860 1760 4915 here·

88 4991 196 5058 extitit,
210 4991 241 5044 ut
256 5001 343 5042 nemo
358 4981 505 5040 recordari
527 4980 632 5052 posset,
660 4991 690 5030 se
713 4973 828 5029 tantum
846 4969 903 5024 fer·
953 4961 1032 5016 mitae
1048 4954 1228 5030 propositum
1235 4949 1331 5006 nimiis
1339 4948 1486 5005 doloribus
1500 4951 1530 5004 et
1543 4949 1756 5006 inedicibilibus

88 5095 193 5140 vorem
205 5080 255 5133 aut
264 5075 399 5132 arderem
412 5071 513 5128 vidisse
527 5084 581 5142 per
597 5069 660 5122 tota
675 5067 841 5135 temporum
857 5058 904 5112 vel
954 5046 1117 5106 meroribus
1130 5043 1298 5115 frangentes
1312 5041 1507 5107 accurrerunt,
1524 5041 1553 5095 et
1567 5043 1599 5096 ut
1613 5055 1664 5096 suo
1680 5036 1758 5094 fideli

750 5177 869 5236 VhltlAE
900 5166 1103 5231 LECTlONES.

130 5299 153 5336 11
168 5293 278 5348 secreto
293 5292 317 5344 l.
339 5293 363 5329 ⁷¹
378 5277 576 5340 intollerabilis
596 5275 678 5334 altero
699 5277 709 5329 l
727 5287 800 5328 eraso
816 5273 846 5326 2.
879 5272 903 5309 ⁷⁸
923 5266 984 5336 post
999 5255 1122 5330 amplius
1137 5251 1296 5311 uocabulum
1314 5265 1422 5307 erasum
1442 5252 1468 5306 2.
1493 5255 1516 5291 ⁷⁴
1534 5248 1618 5304 nocta
1643 5247 1667 5302 1.
1683 5239 1711 5298 2.
1727 5245 1754 5299 3.

93 5373 119 5410 7²
139 5363 346 5436 discipulorum
355 5355 480 5413 brachiis
494 5357 520 5410 2.
538 5353 565 5406 3-
868 5405 982 5465 NOTAE·

130 5526 185 5596 (31)
201 5519 305 5580 Scribit
325 5518 361 5575 de
378 5515 460 5573 bellis
472 5507 640 5569 Theoderici
668 5507 692 5562 ll
720 5499 847 5576 episcopi
872 5500 902 5554 et
952 5489 1082 5550 doricum
1101 5486 1205 5542 ducem
1219 5501 1246 5540 a.
1258 5483 1426 5567 11009-1012.
1443 5475 1530 5550 gestis
1550 5477 1579 5530 et
1593 5473 1709 5556 nonnisi
1728 5489 1757 5534 a.

95 5596 221 5656 lleiurici
233 5592 313 5650 ducis
325 5590 449 5646 fratrum
460 5589 562 5641 contra
573 5578 739 5637 lleinrieum
757 5585 859 5646 regem
874 5573 903 5624 et
954 5569 1021 5622 1017
1037 5561 1122 5634 plane
1136 5562 1312 5630 compositis.

95 5643 904 5745 llegingaudumfrerireusemarchiepiscopumetfheo-
988 5636 1044 5712 (³³1
1058 5631 1189 5704 Nomeup
1201 5627 1240 5685 ad
1254 5625 1372 5684 Saliam.
