3862 6170
163 269 214 334 tot
623 265 809 332 aomuoltls
827 263 984 332 doulam
997 263 1267 336 tlolss'lacausrs.
1746 285 1789 345 aas

164 410 342 463 memorans,
358 394 388 450 et
401 393 438 450 ad
465 394 696 452 contemnendos
719 394 852 453 inimicos
866 394 1005 456 aorumA
1021 396 1131 471 giraret
1145 397 1302 468 universos,
1319 400 1348 456 et
1355 397 1526 474 apparatum
1533 395 1791 474 singulorumsedulo

164 499 248 542 enses
261 483 439 540 acutissimos
452 499 499 544 ese
524 499 639 556 semper
662 483 824 541 insinuans.
840 486 874 540 Et
902 502 968 542 eum
1017 487 1208 560 perlustraret
1222 487 1338 556 intuitu,
1352 488 1389 544 ad
1398 487 1532 545 ultimum
1539 490 1655 563 numqui
1664 507 1792 564 percusse·

165 572 236 628 hinc
251 569 354 628 etinde
372 574 501 644 utrasque
514 572 589 628 acies
601 572 777 642 insisterent,
792 577 821 630 et
842 574 969 630 buccinis
1019 579 1064 632 rat
1079 593 1197 632 urceum
1212 577 1301 633 oeulis
1321 577 1512 650 conspicatur.
1525 578 1559 632 Et
1574 578 1715 649 praelatam
1731 582 1794 653 inju-

166 658 406 730 concrepantibus
424 657 551 733 undique
573 659 682 734 spicula
692 660 886 730 mitterentur,
901 662 970 718 totis
1018 665 1093 720 riam
1109 667 1370 734 monterevolvens,
1383 666 1508 740 agrestia
1517 667 1578 738 ejus
1588 683 1666 724 arma
1678 668 1794 738 miratus,

164 744 676 812 viribuscumRomaniedecertantes
697 748 808 817 Franci,
825 765 970 805 memores
1020 770 1087 809 eum
1102 752 1239 825 injuriare
1253 754 1339 828 eoepit
1358 771 1408 810 cur
1421 755 1796 814 videlieetconrentumviro·

163 833 272 906 prioris
284 833 399 905 injuriae
408 836 532 907 qualiter
546 853 595 892 eos
611 836 800 893 aSicambria
814 837 969 910 ejecerant,
1019 859 1085 898 rum
1100 843 1241 898 nobilium
1260 847 1321 899 tam
1333 843 1481 900 horrendo
1496 847 1637 916 turpasset
1661 847 1794 917 apparatu.

165 922 236 978 nulli
251 926 402 993 parcentes
415 924 611 993 oetati,omnes
625 925 733 996 pariter
750 925 869 982 desectis
884 926 971 982 cervi·
1017 931 1223 1004 Accipiensque
1235 932 1445 1004 armasingula,
1460 949 1525 988 cum
1540 931 1730 1004 indignatione
1743 950 1796 989 ma·

165 1009 244 1066 cibus
252 1010 354 1082 gladiis
368 1011 592 1081 obtruncabant;
609 1014 726 1084 etquod
741 1013 818 1070 dictu
831 1013 970 1069 etiamest
1019 1019 1097 1075 xima
1120 1019 1195 1075 elisit
1209 1019 1245 1076 ad
1258 1022 1377 1076 terram.
1402 1021 1435 1075 Et
1460 1020 1586 1076 rumille
1599 1019 1634 1075 ad
1653 1020 1797 1092 colligenda

163 1098 354 1167 horrendum,
370 1101 468 1170 plures
488 1117 589 1156 eorum
605 1100 757 1157 laniandos
771 1102 867 1157 bestiis
889 1101 968 1174 obje·
1019 1125 1101 1164 arma
1122 1125 1243 1164 manum
1261 1107 1377 1164 acclinis
1391 1107 1568 1180 extenderet,
1583 1124 1632 1163 rex
1650 1107 1796 1164 elevatabi·

165 1177 292 1244 stabant.
318 1187 448 1260 Siagrius
457 1188 555 1261 itaque
566 1205 800 1246 eoesumcernens
813 1191 969 1246 exereitum
1017 1212 1114 1268 penne
1132 1199 1217 1268 caput
1229 1195 1289 1268 ejus
1301 1195 1400 1252 lethali
1413 1196 1532 1254 vulnera
1547 1195 1690 1268 percussit,
1704 1199 1731 1250 at
1743 1195 1795 1250 ait:

164 1289 258 1342 suum,
272 1275 348 1330 solus
364 1292 379 1331 e
396 1276 496 1348 praelio
514 1277 599 1350 fugit,
615 1281 644 1332 ct
656 1294 722 1333 cum
734 1295 763 1333 se
778 1278 866 1334 morti
881 1295 968 1334 cona·
1018 1306 1033 1334 «
1046 1286 1088 1340 lta
1103 1287 1132 1340 et
1145 1287 1174 1339 tu
1187 1300 1264 1340 anno
1275 1283 1420 1355 preterito
1437 1283 1604 1340 Suessiones
1617 1298 1728 1338 urceum
1741 1299 1797 1356 per-

163 1364 243 1416 ratur
258 1363 626 1438 abstrahere,mortipotius
636 1365 886 1423 destinatur.Nam
897 1367 966 1422 dum
1017 1363 1156 1420 cussisti.»
1173 1364 1234 1429 Quo
1242 1363 1668 1435 mortuo,adrersus'l'horingos
1677 1362 1798 1418 eumdem

163 1448 295 1505 Tolosam
308 1451 467 1523 fugeretad
477 1453 623 1508 Alaricum
640 1453 800 1509 Gothorum
810 1471 921 1526 regem,
937 1457 966 1511 et
1016 1452 1095 1508 duxit
1109 1452 1276 1520 exercitum,
1305 1456 1334 1506 et
1348 1468 1397 1508 eos
1412 1451 1503 1508 nimia
1528 1451 1606 1508 cmde
1621 1453 1799 1523 prosternens,

165 1535 322 1593 Clodoveus
336 1539 427 1595 vietor
440 1540 575 1596 detractis
590 1541 688 1614 spoliis
701 1543 859 1612 laetaretur,
875 1543 963 1600 inter·
1015 1541 1429 1617 postinnumerascaedespost
1447 1540 1640 1614 populitotius
1652 1538 1800 1595 diminutio

163 1625 344 1682 currentibus
368 1628 478 1683 nuntiis
496 1630 641 1700 perlatum
664 1633 706 1684 est
731 1630 873 1687 Cloduveo
889 1631 967 1703 quod
1018 1646 1097 1699 nem,
1108 1633 1172 1703 post
1184 1629 1284 1702 patriar.
1292 1628 1530 1698 devastationem,
1545 1628 1673 1684 residuos
1684 1626 1799 1693 tandem,

163 1715 240 1786 apud
254 1715 398 1772 Alaricum
415 1717 544 1789 Siagrius
557 1720 757 1776 oecrdtaretur.
775 1721 897 1777 Pervaso
912 1720 967 1793 igi·
980 1736 1006 1797 Β
1018 1719 1066 1792 qui
1091 1720 1178 1774 vitam
1202 1719 1270 1790 luga
1293 1720 1489 1791 protexerant,
1505 1716 1600 1774 redire
1622 1715 1761 1789 precepit,
1775 1719 1800 1770 et

161 1805 209 1858 tur
221 1802 300 1858 omni
312 1819 403 1876 ragno
419 1804 534 1878 Siagrii,
550 1807 706 1863 Cludoveus
725 1808 836 1881 legatos
850 1826 915 1865 suos
931 1809 968 1865 ad
1018 1824 1067 1864 eos
1081 1808 1256 1864 Francorum
1267 1806 1433 1862 tributarios
1446 1805 1525 1862 iecit.

160 1890 306 1946 Alaricum
316 1892 423 1966 dirigit,
438 1895 582 1950 mandans
597 1899 628 1952 ut
643 1895 669 1950 ei
686 1896 814 1970 Siagrius
828 1897 966 1953 reddere·
1053 1898 1085 1952 ln
1101 1896 1201 1952 diebus
1216 1895 1272 1951 illis
1290 1895 1494 1951 Gundohaldus
1509 1896 1538 1949 et
1552 1892 1726 1966 Godegisilus
1740 1894 1801 1949 Bur·

135 1991 142 2002 “
162 1979 218 2048 tur,
235 1979 278 2034 sin
294 1980 387 2050 aliter,
402 1985 555 2053 pararetur
574 1982 611 2037 ad
627 1984 883 2042 bellumiletuens
900 1987 965 2042 Ala-
1017 1983 1201 2057 gundionum
1215 1999 1309 2055 reges,
1333 1981 1384 2038 tilii
1404 1981 1537 2038 videlicet
1550 1981 1703 2050 Gundevei,
1718 1980 1763 2055 qui
1774 1997 1802 2036 er

164 2067 239 2123 ricus
254 2068 430 2125 Francorum
444 2071 556 2142 gladios
571 2072 705 2143 experiri,
721 2089 774 2144 per
787 2074 904 2130 eosdem
925 2075 966 2129 le·
1018 2072 1291 2146 genereAthanarici
1301 2071 1376 2143 regis
1387 2070 1587 2140 descenderat,
1602 2070 1692 2126 nimia
1705 2070 1802 2143 eupidi-

162 2158 313 2229 gatosregi
323 2158 466 2215 Glodoveo
483 2159 628 2232 Siagrium
645 2161 745 2230 mittit,
760 2162 903 2218 mandans
917 2161 969 2217 hu·
1019 2165 1077 2219 tate
1084 2161 1181 2229 illecti,
1191 2161 1312 2216 fratrem
1322 2177 1406 2216 suum
1425 2158 1544 2216 nomine
1556 2159 1743 2231 chilpericum
1753 2158 1804 2231 gla-

164 2244 271 2299 militer
283 2245 405 2316 utjuxta
418 2250 517 2302 solum
541 2248 631 2303 animi
651 2249 730 2322 quod
745 2254 893 2306 meruerat
904 2250 967 2305 red·
1018 2250 1065 2306 dio
1080 2254 1279 2323 peremerunt,
1290 2253 1319 2306 et
1329 2261 1449 2306 uxorem
1461 2248 1546 2317 illius,
1558 2248 1648 2322 ligato
1662 2249 1698 2304 ed
1709 2248 1803 2304 collum

164 2331 247 2388 deret
261 2333 379 2390 inimico
395 2351 456 2390 suo.
472 2335 544 2400 Quoi
564 2352 630 2392 cum
651 2337 713 2409 regi
730 2342 965 2411 praesentaretur,
1017 2355 1095 2409 saxo,
1112 2341 1245 2396 fluetibus
1260 2340 1491 2395 submerserunt.
1502 2337 1678 2410 chilpericus
1690 2336 1804 2393 hteduas

163 2419 252 2476 misso
267 2421 439 2492 spiculatore
461 2429 547 2497 caput
569 2425 631 2497 ejus
656 2425 802 2497 amputari
817 2427 966 2499 pracepit.
1017 2427 1327 2485 liliashahuit.Nsmen
1343 2427 1394 2482 uni
1409 2425 1806 2490 chronnatlrochildisaltera

163 2508 273 2565 Dehine
279 2509 343 2582 jam
357 2510 457 2567 sedato
466 2513 601 2580 tumultu,
615 2513 757 2585 etlugatis
763 2513 892 2570 hostibus
903 2531 968 2587 par·
1017 2518 1186 2588 vocabalum
1201 2518 1369 2574 Chronnam
1381 2531 1461 2583 vero,
1477 2517 1591 2571 mutata
1605 2517 1691 2581 veste,
1704 2513 1805 2570 Gunde-

161 2595 273 2669 timque
289 2599 478 2669 detruncatis,
492 2616 618 2672 rognum
635 2599 749 2673 siagrii,
766 2605 795 2657 et
818 2603 967 2658 thesauros
1016 2606 1118 2662 baldus
1128 2605 1225 2662 exsilio
1239 2604 1454 2672 condemnavit,
1466 2603 1668 2659 chrochildem
1680 2602 1756 2658 domi
1766 2617 1806 2656 rs·

162 2686 224 2758 ejus
235 2687 384 2744 universos
393 2704 571 2762 omnemque
578 2690 690 2761 regiam
700 2691 967 2762 supellectilemsibi
1015 2694 1298 2766 tinuit.Preeceperat
1307 2697 1376 2748 tunc
1387 2691 1548 2749 Glodoveus
1557 2707 1609 2746 rex
1619 2690 1805 2764 legatariosuo

161 2774 378 2831 soliClodoveus
392 2775 521 2833 retinuit.
533 2778 667 2834 Praedam
680 2794 748 2835 vero
762 2781 791 2834 et
804 2779 897 2852 spolia
913 2796 960 2835 oc·
1014 2783 1169 2838 Aureliano
1186 2785 1217 2837 ut
1245 2781 1298 2837 sibi
1314 2781 1410 2855 puella
1425 2779 1529 2835 nobilis
1544 2782 1723 2847 quaereretur
1734 2777 1807 2834 bonis

161 2862 286 2919 oisorum
302 2863 441 2920 militibus
466 2865 604 2922 universis
618 2883 701 2938 mque
717 2867 871 2925 dividenda
881 2885 964 2924 man·
1016 2868 1435 2927 moribusadornataethahitn
1446 2867 1806 2940 corporisdeeorata,quam

161 2951 314 3008 davit.Non
325 2954 418 3010 solum
436 2954 515 3010 enim
525 2954 605 3011 villas
616 2971 666 3010 seu
683 2956 799 3011 castella
809 2955 905 3028 aliqua
919 2973 965 3012 ra·
1015 2960 1068 3015 sihi
1084 2959 1218 3031 conjugio
1229 2958 1387 3031 copularet.
1399 2956 1614 3028 Frequenterin
1623 2953 1807 3028 Burgundiam

159 3045 315 3111 stererant,
326 3059 426 3098 verum
437 3044 526 3099 etiam
542 3045 676 3100 ecclesias
689 3046 786 3116 plures
798 3062 865 3100 cum
882 3049 965 3102 tanta
977 3018 1001 3079 c
1013 3049 1183 3104 Aurelianus
1204 3047 1287 3115 ierat,
1304 3044 1495 3119 quamobrem
1509 3048 1538 3100 et
1553 3043 1729 3100 chrochildis
1751 3058 1808 3114 pru·
1904 3103 1905 3106 Ἴ

159 3131 295 3188 aviditate
308 3132 474 3209 depopulati
497 3136 573 3199 sunt,
601 3137 633 3189 ut
657 3151 722 3190 cum
740 3151 828 3190 aurea
841 3151 963 3209 qumque
1014 3136 1144 3193 dentiam
1155 3140 1185 3192 et
1199 3134 1375 3206 elegantiam
1387 3135 1462 3189 bene
1473 3132 1716 3204 cognoverat.ilie
1726 3147 1809 3186 acees-

161 3221 205 3275 rel
220 3224 358 3294 argentea
374 3222 508 3278 utensilia
520 3223 574 3277 sibi
588 3223 709 3297 quisque
731 3223 913 3293 reconderet,
930 3241 964 3280 ea
1014 3225 1051 3281 sit
1058 3226 1094 3281 ad
1107 3241 1218 3298 regem,
1235 3227 1264 3279 et
1277 3223 1379 3296 puellae
1390 3221 1577 3294 prudentiam
1596 3220 1693 3277 nimiis
1708 3235 1806 3292 praeo-

160 3308 248 3364 etiam
264 3327 328 3382 quae
344 3309 428 3366 nullis
444 3311 615 3367 utilitatibus
624 3317 707 3367 erant
721 3328 849 3384 congrua
863 3314 964 3369 velun·
1014 3314 1070 3370 niis
1082 3314 1213 3370 attollere
1236 3310 1332 3386 eoepit.
1345 3310 1455 3366 Exarsit
1467 3311 1496 3366 in
1509 3309 1742 3382 concupiscentia
1755 3307 1809 3379 ejus

160 3399 262 3469 guibus
282 3399 466 3467 dissecarenl,
476 3400 520 3454 vel
536 3399 664 3456 flammis
676 3400 785 3472 injecta
798 3418 965 3457 concrema·
1014 3402 1091 3474 regis
1105 3401 1285 3469 animositas,
1303 3404 1333 3456 et
1348 3414 1400 3471 per
1414 3397 1588 3471 legatarium
1604 3396 1722 3470 virginis
1734 3411 1809 3452 aures
1904 3463 1905 3466 Ἴ

160 3491 237 3542 rent.
251 3487 440 3544 intereratcra
453 3505 520 3544 vero
535 3489 721 3544 ecclesiarum
731 3493 964 3557 ornamentamr-
1014 3492 1150 3562 appellat,
1167 3489 1189 3545 si
1204 3490 1279 3546 forte
1288 3489 1469 3544 Francorum
1484 3487 1545 3559 regi
1561 3488 1659 3560 puella
1674 3485 1772 3542 nobilis
1785 3483 1811 3538 et

161 3591 244 3630 ceum
260 3574 342 3630 mirae
359 3576 568 3647 magnitudinis
589 3576 713 3650 mirique
730 3577 853 3646 decoris,
867 3577 902 3633 de
921 3595 965 3634 ec·
1015 3578 1146 3649 orphana
1159 3581 1277 3652 cuperet
1285 3576 1398 3632 sociari.
1412 3575 1497 3648 Regis
1510 3575 1810 3630 mandatalaturusar

160 3661 246 3718 clesia
262 3663 388 3735 quadam
403 3665 591 3720 abstulerant.
615 3665 672 3720 llos
688 3664 813 3721 ecclcsiae
834 3665 963 3738 ejusdem
1015 3666 1083 3738 ripit
1092 3666 1146 3722 iter
1155 3665 1338 3727 Aurelianus,
1359 3663 1557 3736 burgundiam
1571 3663 1708 3732 tendens,
1719 3665 1746 3718 et
1760 3673 1810 3733 quo

160 3752 310 3825 episeopus
323 3753 692 3826 perlegatossuhsequitur,
705 3754 904 3826 humiliprece
914 3755 964 3811 de·
1016 3759 1137 3812 noverat
1150 3755 1345 3826 essepuellam
1358 3751 1486 3825 pedestri
1501 3751 1606 3808 itinere
1622 3751 1810 3825 properatpe·

159 3857 280 3915 poscens
295 3845 325 3896 ut
339 3841 366 3897 ei
376 3843 589 3899 Clodoveusrex
604 3859 721 3899 urceum
729 3845 851 3901 reddere
864 3845 965 3917 digna·
1015 3861 1080 3901 ram
1090 3844 1223 3900 terenset
1233 3843 1379 3910 baculum,
1390 3839 1533 3897 resarcitis
1542 3840 1811 3912 tunicisadopertus,

159 3932 239 3985 retur
249 3930 388 3988 ablatum.
403 3931 510 3996 Quibus
523 3933 735 4006 itarespondit:
752 3933 851 3989 «Licet
865 3935 965 3992 omnia
1015 3934 1046 3990 in
1061 3931 1464 4007 sportellaabseonsalerebat
1477 3945 1601 3986 munera
1612 3925 1811 3991 (liudewitico

159 4007 411 4076 reddendalorent
422 4036 485 4091 ques
499 4020 534 4075 de
543 4018 772 4076 Christianorum
780 4021 903 4078 ecclesiis
914 4023 965 4078 ab·
1016 4040 1082 4080 enm
1092 4019 1454 4095 pervenisset,advenieute
1463 4017 1510 4074 die
1520 4018 1674 4102 Dominrco
1686 4017 1759 4074 inter
1771 4030 1811 4069 rs-

159 4107 303 4172 stulimus,
318 4111 417 4164 tamen
431 4109 453 4163 si
462 4108 727 4165 aliudvideturnon
737 4111 842 4166 mereri
854 4111 965 4182 episco·
990 4127 993 4134 ¹
1016 4113 1108 4186 liquos
1120 4126 1263 4183 pauperes
1281 4109 1318 4166 ad
1339 4107 1512 4181 eapiendam
1528 4108 1743 4180 eleemosynam
1758 4119 1811 4159 sese

159 4212 224 4268 pus,
243 4213 361 4252 urceum
375 4201 487 4261 tamen,
500 4198 638 4254 sinostrae
651 4198 965 4276 partiobveneritmon
1014 4196 1350 4257 Aurelianusimmiseuit
1365 4199 1395 4252 ut
1411 4195 1575 4252 chrochildi
1591 4197 1627 4252 de
1641 4192 1757 4251 ecclesia
1771 4207 1811 4246 re·

161 4286 303 4358 negabo.»
316 4285 466 4355 llisdietis,
476 4287 604 4342 concitus
617 4288 687 4344 abiit
697 4306 753 4361 quo
763 4290 850 4345 totius
860 4291 965 4364 praedae
978 4304 1004 4364 1)
1016 4289 1117 4346 deunti
1129 4304 1237 4360 paucos
1249 4287 1390 4343 indicaret
1401 4285 1632 4343 sermones.Erat
1647 4283 1725 4340 enim
1740 4278 1812 4336 Chri·

159 4390 274 4430 summa
290 4374 445 4430 dividenda
472 4378 589 4444 erat,'et
604 4376 644 4432 sie
663 4378 804 4433 universis
827 4378 965 4435 militibus
1016 4377 1193 4442 alienatione
1209 4374 1275 4432 cum
1284 4374 1320 4430 de
1329 4373 1450 4430 ecclesia
1461 4373 1582 4430 domum
1590 4375 1778 4429 reverteretur
1787 4369 1812 4422 et

160 4461 243 4518 infit:
259 4482 274 4516 c
290 4463 381 4535 Rogo,
393 4462 553 4518 charissimi
563 4465 680 4534 milites,
691 4466 967 4538 utDeiamorisgra-
1017 4469 1099 4524 solita
1117 4465 1320 4522 munificentia
1336 4463 1456 4538 singulis
1475 4463 1650 4538 pauperibus
1665 4465 1812 4554 eleemosyj

160 4550 417 4607 tiaurceumillum
429 4552 967 4627 meaesortideputetis,quatenushunc
1019 4547 1812 4626 namimpertirst,pervenitadAurelianumetohtulitsi

160 4639 270 4713 petenti
291 4639 424 4713 episcopo
439 4640 561 4697 reddere
577 4644 700 4710 valeam,
718 4660 755 4698 ne
771 4659 805 4698 er
818 4647 879 4700 toto
895 4660 967 4716 pau·
1019 4660 1140 4720 aureum
1158 4659 1261 4711 uuum,
1279 4641 1366 4698 tutius
1389 4641 1493 4714 ignara
1505 4640 1625 4712 negotii.
1649 4640 1739 4705 Quem
1754 4651 1813 4693 eum

162 4730 280 4803 percula
298 4730 359 4802 ejus
385 4730 504 4786 ecclesia
525 4733 623 4787 nostra
633 4732 771 4789 violentia
784 4733 939 4791 desoletur.
954 4757 968 4785 u
1018 4734 1066 4791 ille
1081 4732 1243 4804 recepisset,
1258 4735 1340 4786 caute
1352 4730 1492 4785 subtraxit
1512 4729 1634 4803 pallium
1649 4729 1759 4803 pueltae,
1774 4724 1812 4778 in·

163 4820 272 4874 Placuit
289 4819 426 4875 universis
442 4821 542 4893 petitio
557 4820 645 4892 regis,
672 4826 701 4876 et
719 4822 853 4894 gratandi
869 4823 968 4879 animo
1019 4839 1111 4879 nuens
1135 4837 1196 4877 sese
1211 4819 1290 4892 loqui
1317 4819 1388 4874 velle
1412 4835 1477 4873 eum
1497 4817 1555 4872 illa.
1578 4818 1704 4874 Ventum
1732 4809 1813 4910 estad

162 4924 281 4964 urceum
291 4908 413 4964 reddere
424 4909 631 4978 decernebant,
648 4927 714 4966 cum
730 4927 803 4966 unus
819 4927 835 4966 e
854 4911 969 4966 Francis
1019 4907 1584 4985 palatium,et,subsequenteAureliano,
1598 4903 1814 4978 ingrediturrrr·

161 4996 191 5053 in
207 4998 249 5053 sui
264 4998 422 5072 perniciem
434 5000 544 5054 elevata
553 4999 680 5070 bipenne
692 5017 807 5055 urceum
819 5000 967 5073 percussit,
1020 4997 1267 5072 gotriclinium,et
1279 4995 1360 5050 misit
1372 4994 1507 5050 ancillam
1518 5010 1582 5066 quae
1593 4992 1732 5050 convocet
1741 5003 1815 5062 pera·

162 5090 191 5142 ct
206 5088 265 5143 ait:
282 5111 296 5139 «
312 5088 427 5153 Quodsi
443 5105 504 5144 sors
515 5089 640 5158 dederit,
653 5089 742 5144 cuivis
755 5089 970 5160 impertiatura
1020 5087 1137 5161 grinum
1164 5085 1272 5142 Detulit
1289 5083 1461 5139 Aurelianus
1480 5082 1601 5138 donaria
1625 5082 1711 5155 regis,
1726 5081 1753 5134 et
1767 5093 1813 5131 au·

161 5192 241 5248 rege,
265 5181 377 5234 nostras
405 5177 487 5233 nobis
501 5181 599 5250 partes
613 5178 676 5251 ipse
701 5178 874 5251 relinquat.»
899 5177 969 5234 Obs·
1021 5173 1258 5231 nulumClodovei
1272 5174 1485 5244 manugestans
1499 5165 1812 5242 porrexiteumpuellae,

162 5265 314 5338 tupelactis
328 5266 462 5323 omnibus
476 5281 508 5320 ac
524 5264 567 5320 rei
582 5265 663 5321 istius
678 5265 806 5322 novitate
837 5267 969 5335 turbatis,
1021 5267 1050 5320 et
1064 5263 1117 5320 ait:
1135 5287 1148 5314 n
1165 5263 1321 5335 Loquetur,
1333 5260 1462 5328 obsecro,
1480 5259 1520 5315 mi
1535 5259 1666 5327 dominu,
1682 5255 1812 5350 quiddam

163 5355 240 5427 regis
256 5354 417 5427 indignatio
429 5353 571 5427 patientia
583 5353 701 5408 interim
716 5354 876 5427 opperitur,
884 5357 913 5410 et
921 5371 968 5410 ur·
1020 5369 1116 5410 servus
1130 5355 1194 5407 tuus
1211 5352 1319 5406 secrete
1334 5348 1489 5404 inauribus
1501 5347 1557 5403 tuis
1576 5351 1608 5403 ut
1625 5347 1702 5402 licite
1713 5354 1812 5441 possun

161 5459 246 5500 ecum
261 5443 383 5500 reddere
398 5442 537 5517 pracepit
551 5441 688 5516 episcopo
720 5445 804 5498 Anno
817 5443 968 5518 itaqueex-
1019 5441 1155 5498 intimare
1169 5439 1308 5496 mandata
1323 5435 1435 5493 domini
1449 5435 1508 5492 mei
1521 5437 1626 5510 regis.»
1640 5434 1692 5492 Cui
1705 5435 1734 5489 et
1748 5431 1811 5485 11¹³:

161 5531 425 5616 pletocougregato
440 5530 656 5608 exercitudum
680 5531 839 5600 secuudum
854 5549 968 5600 morem
1019 5551 1036 5620 c
1049 5531 1191 5612 Loquere,
1206 5527 1378 5611 »iuquitlit
1392 5526 1539 5592 educense
1554 5525 1812 5609 sporteuasponsu·
