3952 6176
51 445 57 455 .
135 404 187 462 833
770 389 970 454 unnoutcon
988 387 1160 454 ilhelutt.
1744 402 1796 457 aso

135 525 204 582 dam
218 541 280 581 non
290 521 411 580 deorum
422 519 472 578 sed
481 519 684 578 demoniorum
692 519 784 578 cultus
792 520 941 606 agebatur,
953 524 982 586 Α
992 519 1060 593 quia
1073 536 1139 577 sam
1154 535 1220 578 suus
1231 519 1275 577 vir
1286 519 1447 596 requireret
1461 525 1676 594 suggesseruut.
1689 521 1798 588 Duibus

134 615 175 670 ibi
184 611 553 684 deincepsomniumlieret
562 610 942 668 memoriasanctorumliu·
994 607 1043 665 illa
1055 609 1225 682 respondit:
1241 609 1292 679 Ite,
1306 611 1458 667 renunct'cte
1468 611 1528 682 repi
1538 615 1624 666 entre
1639 618 1664 665 rt
1677 610 1796 681 domino,

129 703 178 776 jus
191 707 327 776 tempora
338 701 460 776 prassini
471 703 501 756 et
511 700 605 756 renati
616 717 668 774 per
676 699 824 756 Orientem
836 701 944 773 etEgy-
993 699 1057 769 quio
1068 699 1130 765 nisi,
1140 699 1208 753 sicut
1222 716 1268 769 epo
1276 698 1457 770 jomcredicti,
1468 699 1506 754 ito
1519 705 1544 753 et
1553 700 1606 770 risse
1618 700 1647 753 in
1660 697 1798 756 Christum

132 795 219 865 ptum
229 791 310 846 civile
321 787 593 858 bellumiaciunt,ac
605 805 667 844 sese
678 789 864 845 muluacaede
876 805 942 860 pro·
994 785 1146 854 crediderit,
1162 804 1204 842 me
1212 803 1273 858 pom
1286 787 1356 842 uitro
1370 793 1516 843 consortem
1529 788 1615 844 theeri
1632 787 1729 845 tatere
1744 805 1798 844 non

132 881 378 936 sternuntPersae
388 892 503 951 quoque
513 875 646 932 adversus
655 875 871 948 rempublicam
879 893 944 950 gra·
987 877 1097 945 poterit.
1108 873 1182 940 Quid
1193 876 1304 932 multat
1321 875 1435 933 Reversi
1443 876 1531 949 legati
1541 876 1577 932 ed
1587 877 1724 949 patriam,
1735 876 1798 932 uni·

131 969 254 1026 sissima
263 969 340 1025 belle
348 970 492 1040 gerentes,
504 967 609 1022 multas
619 967 819 1022 Romanorum
830 965 943 1038 provin·
992 979 1074 1018 versa
1088 979 1152 1036 quse
1167 963 1320 1021 audierant
1332 981 1384 1021 suo
1393 964 1455 1037 regi
1463 965 1651 1035 renunciant,
1664 965 1714 1038 qui
1725 964 1796 1022 nihil

132 1058 195 1115 cias
206 1062 236 1114 et
248 1057 340 1131 ipsam
350 1055 551 1112 torosolimam
561 1055 711 1122 aulcrunt;
721 1057 750 1110 et
763 1055 943 1111 destruentes
994 1052 1122 1107 moratus
1135 1067 1201 1108 curn
1216 1051 1367 1124 sexaginta
1381 1052 1497 1109 milibus
1510 1053 1577 1109 viris
1591 1053 1797 1110 Constantino·

131 1147 282 1215 ecclesias,
292 1146 392 1201 saneta
402 1159 518 1217 quoque
532 1143 758 1216 prophanantes,
770 1142 846 1198 inter
856 1159 942 1200 orna-
992 1143 1091 1212 potym
1116 1137 1233 1212 pacifice
1254 1140 1292 1196 ad
1313 1139 1522 1214 imperatorem
1535 1142 1647 1200 venitm
1662 1159 1719 1216 quo
1734 1159 1799 1215 gra·

131 1237 239 1292 menta
251 1236 383 1291 locorum
395 1234 562 1289 sanctorum
576 1232 620 1287 rel
636 1230 838 1289 communium
853 1231 942 1288 etiam
992 1227 1204 1286 heteraenus
1215 1228 1459 1302 dignesusceptus
1469 1228 1797 1297 estttuicumuniversis

131 1324 273 1381 vexillum
289 1319 442 1379 dominica
455 1320 546 1377 crucis
564 1319 720 1376 abducunt.
738 1319 847 1376 Contra
866 1321 943 1376 hunc
994 1313 1137 1372 Christum
1153 1317 1305 1375 dominum
1317 1316 1449 1386 credens,
1458 1319 1568 1391 pariter
1580 1335 1647 1376 cum
1662 1319 1799 1376 omnibus

132 1415 276 1470 Pocatem
293 1408 524 1481 ltraclianus,qui
538 1408 664 1464 hiulcam
678 1408 810 1482 regebat,
820 1409 942 1464 rebella·
993 1403 1051 1460 suis
1063 1405 1135 1461 sacri
1151 1405 1332 1478 baptismatis
1347 1406 1426 1463 unda
1440 1407 1573 1478 perfusus
1583 1411 1637 1474 0⁵1,
1649 1411 1678 1465 θῑ
1692 1409 1729 1465 tl)
1747 1423 1798 1464 ³¹1·

133 1504 190 1571 rit,·
200 1507 288 1576 atque
300 1517 367 1557 cum
378 1496 503 1556 exercitu
514 1496 718 1566 veniens,eum
728 1513 819 1570 regno
829 1497 943 1570 riteque
993 1493 1129 1565 gustede
1147 1493 1228 1550 lonte
1246 1496 1366 1566 leratus,
1383 1495 1524 1552 catholica
1537 1495 1596 1552 lide
1611 1497 1799 1554 conlirmatus

133 1591 400 1666 privavit,remque
408 1584 553 1660 publicam
565 1587 728 1642 Romanam
737 1585 872 1650 Erecllus,
883 1585 945 1658 ejus
995 1583 1046 1636 est.
1063 1581 1211 1656 Multisque
1231 1583 1401 1640 muneribus
1422 1584 1459 1640 ab
1480 1588 1602 1656 augusto
1624 1586 1798 1654 honoratus,

134 1679 226 1748 lilius,
243 1676 404 1750 regendam
416 1675 548 1747 suscepit.
995 1672 1112 1744 accepta
1121 1687 1173 1727 sua
1184 1672 1318 1746 coniuge,
1330 1673 1402 1729 letus
1418 1674 1447 1728 et
1461 1673 1592 1747 gaudens
1606 1673 1645 1731 ad
1655 1691 1739 1732 suam
1751 1691 1801 1750 pa·

173 1767 317 1826 Defuncto
342 1767 440 1822 autem
464 1762 617 1832 llarcieno,
637 1761 687 1836 qui
708 1763 858 1820 ecclesiam
875 1763 944 1820 Gra·
994 1757 1081 1816 triam
1096 1760 1253 1834 repedavit.

136 1859 263 1916 densam
278 1858 392 1911 rexerat
405 1868 497 1908 annos
511 1854 579 1922 tres,
590 1851 651 1909 dies
662 1852 801 1926 quinque,
813 1843 981 1909 suceessltB
1029 1848 1115 1905 Anno
1131 1849 1167 1905 ab
1183 1848 1383 1908 incarnatione
1399 1851 1515 1910 Domini
1529 1853 1736 1910 sexcentesimo
1752 1869 1797 1910 se·

136 1944 349 2003 Candidianus.
996 1936 1089 1992 cundo
1107 1945 1129 1980 ¹⁸
1145 1937 1321 2009 Epiphanius
1341 1940 1506 2013 patriarcha
1526 1946 1657 1998 mortuus
1677 1945 1730 2013 est,
1749 1941 1800 2014 qui

173 2035 214 2106 (c.
229 2032 289 2105 ts.)
302 2029 349 2086 llis
364 2029 465 2088 diebus
479 2028 614 2086 defuncto
629 2029 769 2098 Heraclio,
784 2029 833 2102 qui
845 2027 946 2102 viginti
995 2025 1146 2082 ecclesiam
1164 2026 1341 2085 Gradensem
1355 2030 1429 2086 rexit
1449 2046 1542 2087 annos
1561 2034 1577 2086 5
1594 2034 1624 2086 et
1639 2047 1753 2088 menses
1770 2033 1798 2090 3.

134 2127 166 2181 et
187 2121 319 2196 quinque
339 2135 431 2176 annos
450 2119 628 2191 gubernarat
649 2119 816 2190 imperium,
833 2119 946 2174 Eraclo·
995 2114 1065 2171 Huic
1077 2117 1210 2172 successit
1222 2116 1381 2190 Cyprianus
1391 2120 1566 2200 patriarche.

133 2229 191 2269 nas
212 2219 246 2278 ¹⁸,
263 2209 325 2281 ejus
346 2207 432 2277 lilius,
447 2223 514 2264 cum
530 2211 623 2263 matre
641 2207 762 2264 llartina
778 2205 862 2280 regni
878 2207 946 2279 jura
1031 2206 1073 2273 (P.
1090 2205 1122 2260 D.
1139 2223 1164 2260 r.
1181 2207 1222 2278 6.)
1241 2205 1288 2262 llis
1305 2207 1407 2264 diebus
1427 2208 1631 2266 Constantinus
1652 2211 1799 2282 augustus,

132 2298 275 2372 suscepit,
285 2297 415 2370 rexitque
423 2295 579 2370 imperium
590 2297 702 2352 duobus
712 2295 805 2356 annis.
816 2295 878 2362 Quo
888 2296 946 2352 sita
995 2293 1044 2366 qut
1059 2297 1088 2349 et
1096 2293 1237 2351 Constans
1247 2299 1290 2352 est
1299 2297 1468 2370 appellatus,
1476 2297 1598 2354 ltaliam
1608 2297 1801 2371 ahungobar·

133 2385 564 2457 decedente,successitinloco
580 2385 641 2458 ejus
656 2385 871 2455 Constantinus,
882 2401 947 2456 ger·
996 2380 1102 2438 dorum
1109 2382 1243 2439 manibus
1253 2384 1365 2458 cripere
1376 2384 1801 2460 cupiens,Coustantinopolym

132 2493 244 2533 manus
268 2473 408 2546 ejusdem,
422 2473 493 2530 alius
507 2472 582 2529 lilius
599 2473 731 2542 Heraclii,
747 2471 946 2548 inperaritque
996 2485 1140 2543 egressus,
1153 2487 1206 2544 per
1219 2471 1319 2530 littora
1332 2471 1388 2530 iter
1397 2473 1509 2531 habens
1519 2474 1648 2530 Athenas
1656 2472 1747 2538 venit,
1759 2473 1803 2530 in·
1880 2547 1882 2554 y

131 2564 288 2623 mensibus
301 2580 360 2620 sex.
996 2556 1089 2632 deque
1106 2575 1187 2616 mare
1201 2563 1408 2634 transgressus,
1420 2563 1578 2621 Tarentum
1592 2561 1801 2636 apphcuit3qui

172 2655 213 2727 tc.
229 2653 286 2724 33.)
300 2653 423 2708 Rursum
437 2667 537 2708 meuse
551 2650 720 2708 Novembris
734 2654 764 2709 et
780 2650 946 2708 Decembris
995 2647 1095 2704 tamen
1105 2647 1185 2722 prius
1192 2647 1230 2704 ad
1237 2648 1398 2707 solitarium
1407 2650 1628 2724 quemdam,qui
1637 2651 1802 2724 prophaete

130 2744 223 2801 stella
241 2741 365 2798 cometis
384 2740 528 2815 apparuit.
546 2739 725 2796 Candidiano
742 2749 764 2784 ¹·
782 2739 947 2814 patriarcha
996 2734 1130 2808 spiritum
1150 2736 1258 2794 hebere
1278 2737 1437 2808 dicebatur,
1458 2738 1539 2809 adiit,
1559 2739 1686 2796 studiose
1710 2740 1747 2796 ab
1767 2757 1802 2798 eo

134 2847 259 2907 qnoque
274 2829 409 2886 defuncto
421 2828 498 2902 apud
512 2828 630 2897 Gradus,
645 2828 695 2903 qui
710 2828 861 2885 ecclesiam
875 2828 945 2886 Gra·
996 2823 1139 2880 scissitans
1153 2827 1251 2882 utrum
1266 2829 1386 2900 gentem
1401 2827 1679 2901 Langobardorum,
1691 2845 1756 2902 qua
1772 2828 1802 2886 in

135 2921 264 2978 denum
279 2921 394 2975 rexerat
403 2933 496 2974 annos
510 2917 650 2992 quinque,
664 2917 815 2974 ordinatur
826 2917 947 2991 patriar·
997 2912 1088 2970 italie
1102 2914 1263 2984 habitabat,
1273 2931 1410 2988 superare
1421 2919 1456 2996 et·
1463 2915 1594 2974 obtinere
1607 2918 1713 2990 posset.
1721 2916 1803 2974 Circa

137 3010 196 3066 cha
211 3007 397 3081 Epiphanius,
406 3006 454 3080 qui
463 3005 555 3062 iuerat
564 3005 745 3080 primicerius
753 3006 944 3077 notariorum,
995 3001 1049 3058 hec
1062 3019 1191 3076 namque
1204 3007 1339 3078 tempora
1354 3005 1513 3079 Cyprianus
1527 3005 1694 3078 patriarcha
1707 3004 1802 3062 homi·

137 3099 177 3154 ab
193 3097 338 3170 episcopis
350 3094 398 3170 qui
411 3099 496 3151 erent
509 3096 562 3152 sub
574 3093 722 3166 liomanis;
731 3099 761 3152 et
770 3095 861 3152 exilio
874 3099 947 3152 tcm·
997 3107 1066 3148 nem
1077 3093 1406 3169 exuit,quiGradensem
1422 3095 1573 3152 ecclesiam
1586 3098 1701 3152 rexerat
1709 3111 1802 3152 annos

135 3203 213 3260 pore
228 3189 378 3256 coeperunt
389 3201 450 3240 esse
465 3183 522 3240 duo
535 3183 708 3257 patriarche.
960 3179 1096 3253 criginti
1113 3181 1251 3256 quinque,
1262 3199 1377 3240 menses
1391 3187 1459 3255 tres,
1470 3183 1532 3240 dies
1541 3183 1652 3257 viginti.
1661 3181 1800 3240 lluicsuc·

175 3276 214 3345 tc.
227 3276 283 3338 tol
293 3274 402 3330 hlortuo
418 3289 484 3329 nero
496 3271 561 3344 jam
577 3271 655 3329 dicto
677 3273 866 3331 Constantino
886 3273 945 3330 illio
996 3269 1079 3326 cessit
1093 3270 1463 3345 Primogenitus,liomante
1473 3272 1549 3330 sedis
1556 3271 1749 3329 subdiaconus
1757 3287 1802 3329 re·

136 3362 277 3431 Heraclii,
294 3361 497 3418 Constantinus
512 3361 642 3433 ejusdem
656 3360 731 3418 lilius
749 3362 786 3418 ad
804 3361 888 3436 regni
901 3361 945 3419 di·
995 3357 1153 3434 gionarius.
1170 3361 1259 3434 igitur
1277 3379 1344 3419 cum
1362 3379 1459 3418 servus
1476 3361 1528 3418 Dei
1549 3361 1738 3440 Constantino
1753 3378 1802 3418 au·

135 3453 285 3525 gnitatem
298 3449 436 3515 ascendit,
448 3449 598 3524 tenuitque
607 3466 732 3524 reguum
742 3451 826 3508 anuis
836 3454 900 3510 octo
917 3455 946 3508 et
995 3451 1079 3520 gusto
1094 3449 1224 3522 spacium
1238 3450 1322 3507 unius
1339 3450 1431 3508 noctis
1443 3449 1610 3524 expetisset,
1627 3453 1659 3506 ut
1678 3467 1731 3523 pro
1746 3451 1814 3508 hoc'

135 3539 256 3614 viginti.
995 3537 1057 3610 ipso
1072 3539 1230 3597 Dominum
1245 3541 1430 3616 supplicaret,
1446 3540 1522 3598 iacto
1539 3558 1626 3598 mane
1646 3540 1688 3598 itu
1704 3541 1801 3598 eidem

174 3631 212 3700 tc.
229 3629 285 3692 bit.)
299 3627 381 3685 Circa
392 3628 455 3684 heac
470 3630 604 3700 tempora
617 3627 694 3701 regis
708 3630 862 3685 Persarum
874 3645 944 3686 con·
996 3631 1117 3700 augusto
1138 3629 1289 3702 respondit
1304 3647 1311 3686 ε
1328 3631 1401 3688 Gens
1420 3629 1663 3703 Lnnpotordorum
1680 3633 1803 3704 superori

127 3716 350 3792 junx,n0mine
364 3716 477 3786 cesara,
490 3715 525 3772 de
534 3715 649 3772 Perside
660 3717 841 3786 exiens,cum
849 3720 946 3792 paucis
995 3715 1073 3771 modo
1088 3715 1122 3771 cb
1140 3718 1232 3790 atiquo
1248 3735 1301 3774 rron
1310 3723 1412 3791 potest,
1430 3721 1496 3792 puio
1514 3722 1609 3792 sepino
1628 3719 1753 3793 quaedam
1769 3736 1802 3776 es

131 3805 194 3863 suis
205 3804 340 3861 fidelibus
350 3803 462 3878 privato
472 3804 573 3860 habitu
583 3806 866 3879 propterchristians
877 3807 945 3864 fidei
995 3804 1049 3860 otia
1058 3809 1198 3878 provincia
1210 3809 1318 3864 vennas
1327 3809 1464 3866 basilicam
1474 3811 1544 3866 tenti
1550 3810 1669 3866 loannis
1679 3809 1801 3882 baptista

131 3909 272 3952 amorem
288 3891 576 3967 constantinopolym
586 3894 673 3950 venit.
684 3893 754 3960 Qua
766 3895 803 3951 ab
818 3895 944 3968 impera·
995 3895 1024 3949 in
1042 3891 1275 3966 Conpobordorunt
1288 3897 1386 3967 finitos
1401 3898 1560 3955 construxit.
1573 3898 1612 3953 Et
1623 3905 1736 3971 propter
1750 3897 1799 3952 boc

130 3985 201 4040 tore
215 3981 377 4040 honorilice
391 3983 535 4054 suscepta,
546 3983 607 4054 post
621 3981 734 4056 aliquos
749 3982 820 4048 dies,
830 3983 944 4040 utdesi·
995 3983 1049 4055 ipse
1063 3983 1155 4042 tectus
1165 3984 1284 4041 loannes
1297 4003 1349 4057 pro
1364 3985 1602 4057 Lonpoburdorum
1618 3993 1696 4058 pente
1714 3987 1801 4042 conti-

132 4069 271 4138 derabat,
286 4069 464 4142 baptismum
486 4074 642 4126 consecuta
660 4074 690 4126 et
711 4071 747 4127 ab
768 4075 890 4144 augusta
909 4072 945 4128 de
994 4088 1048 4127 nno
1072 4073 1219 4129 intercedit.
1240 4074 1332 4130 Veniet
1352 4083 1444 4132 autem
1468 4080 1568 4146 ternpus
1590 4074 1697 4148 quondo
1719 4075 1800 4146 insitis

133 4174 222 4216 sacro
236 4156 318 4214 lente
332 4158 427 4214 levata
439 4161 491 4214 est.
502 4156 585 4223 Duod
599 4158 642 4214 vir
657 4158 718 4231 ejus
730 4161 883 4216 Persarum
895 4176 945 4217 rex
995 4161 1133 4218 oracutum
1142 4163 1284 4221 habetitur
1304 4164 1445 4236 despectui,
1461 4172 1487 4220 et
1500 4171 1562 4220 tunc
1574 4181 1637 4234 pens
1652 4166 1710 4236 ipsa
1724 4165 1800 4236 peri-

133 4247 271 4316 audiens,
280 4247 392 4319 legatos
405 4246 694 4322 Constantinopolym
707 4248 744 4305 ad
757 4251 910 4321 augustum
922 4256 944 4292 ¹⁷
994 4249 1042 4310 tit.
1058 4249 1141 4316 Quod
1155 4253 1322 4326 nos(41)ita
1336 4254 1444 4310 lactum
1459 4269 1520 4310 esse
1534 4251 1732 4327 probavimus,
1749 4252 1799 4325 qui

134 4334 943 4410 direxit,quatenuseidemuxoremsuamredderettiui
994 4342 1062 4395 ante
1086 4339 1344 4414 Langobardorum
1363 4341 1557 4414 perditionem
1577 4341 1702 4398 eandem
1721 4341 1799 4398 beati

133 4425 174 4483 ad
189 4425 400 4498 imperatorem
415 4423 575 4489 venientes,
590 4425 679 4482 rerba
692 4425 769 4498 regis
791 4428 943 4483 Persarum
992 4427 1132 4484 iohannis
1147 4429 1307 4500 basilicam,
1318 4431 1483 4506 quantique
1498 4430 1528 4486 iu
1543 4431 1606 4487 loco
1617 4430 1667 4503 qui
1679 4429 1800 4487 hlodicia

134 4513 289 4582 nunciant,
301 4513 350 4588 qui
360 4529 443 4570 suam
455 4512 623 4587 requirebat
632 4514 945 4587 reginamlmperator
955 4515 982 4576 D
994 4514 1098 4572 dicitur
1117 4518 1160 4572 est
1182 4518 1348 4587 constituta,
1364 4537 1416 4593 per
1433 4519 1501 4576 viles
1515 4535 1655 4593 personas
1669 4517 1800 4576 ordinari

133 4601 341 4670 hoecandiens,
352 4617 474 4676 remque
484 4602 606 4658 omnino
618 4601 815 4676 ignorans,eis
826 4620 944 4678 respon·
993 4605 1206 4677 conspeximus,
1219 4606 1260 4663 ita
1279 4609 1311 4664 ut
1331 4607 1458 4682 indignis
1471 4611 1500 4664 et
1515 4608 1653 4666 adulteris
1670 4625 1730 4665 uon
1746 4623 1799 4682 pro

133 4705 201 4746 snm
212 4688 342 4746 reddidit
350 4687 449 4745 dicens
463 4688 524 4746 :De
539 4691 631 4763 sepina
642 4707 723 4762 quom
737 4693 857 4763 quaeritis
870 4691 943 4762 [cte—
992 4694 1058 4750 vitas
1074 4695 1190 4765 merito,
1205 4696 1255 4753 sed
1270 4697 1388 4754 datione
1402 4698 1602 4771 premiorum,
1612 4697 1704 4756 isdem
1719 4699 1801 4754 locus

133 4795 199 4834 mur
215 4795 263 4835 nos
281 4777 353 4834 sibit
370 4779 451 4846 scire,¹
464 4785 563 4850 prater
576 4777 648 4848 quod
666 4778 703 4834 od
720 4796 767 4835 nos
786 4779 829 4835 hic
852 4780 942 4854 atiquo
993 4783 1158 4856 largiretur.

134 4867 232 4923 muse
242 4869 349 4940 minoto
363 4866 460 4922 tolita
469 4866 585 4924 aduenit.
599 4866 699 4940 Legati
709 4883 776 4924 vero
788 4868 943 4940 responde·
1027 4874 1122 4940 (Paua.
1136 4874 1170 4930 D.
1184 4891 1212 4945 v,
1229 4875 1269 4949 7.)
1284 4875 1384 4949 lgitur,
1401 4878 1433 4932 ut
1447 4875 1580 4947 diximus,
1595 4876 1801 4933 Constantinus

133 4955 348 5013 medicantes
363 4972 370 5011 :
386 4954 422 5012 Si
432 4955 635 5028 plecctentes
659 4959 810 5029 conspector·
833 4957 943 5014 uelimus
994 4964 1130 5034 augustus
1142 4978 1208 5018 cum
1225 4963 1381 5020 Tarentum
1398 4963 1531 5034 venisset,
1551 4981 1680 5040 egressus
1697 4964 1800 5022 exinde

135 5043 208 5101 banc
221 5061 302 5117 quom
321 5043 409 5100 dicitis
429 5045 567 5100 mutierem
584 5045 682 5102 redere.
700 5045 768 5112 Duce
784 5063 850 5102 cum
861 5048 942 5120 jussu
992 5049 1232 5106 Beneventiorum
1247 5051 1319 5108 flues
1341 5052 1455 5122 invasit,
1480 5067 1640 5127 omnesque
1659 5069 1735 5127 pene
1748 5069 1801 5125 per

135 5133 642 5206 imperatorissdrenisset,moxeam
652 5133 740 5207 legati
749 5135 939 5211 conspiciunt,
993 5155 1064 5212 ques
1078 5157 1149 5212 gens
1161 5143 1281 5198 venerat
1293 5141 1551 5214 Langobardorum
1572 5143 1701 5198 civitates
1713 5140 1799 5214 cepit.

139 5221 249 5295 adeius
266 5222 388 5298 vestigia
400 5223 618 5297 provolvuntur,
635 5223 718 5298 eique
739 5226 944 5284 venerabiliter
992 5227 1143 5285 luceriam
1176 5246 1303 5304 quoque,
1325 5233 1494 5305 opulentam
1518 5230 1620 5304 Apulia
1641 5228 1801 5296 civitatem,

805 5347 922 5406 vhlthll
941 5347 1141 5407 LECDDNES.

179 5445 339 5505 ¹¹raciones
353 5447 381 5508 3.
419 5444 645 5505 “candidianus
661 5446 688 5504 3.
726 5450 908 5521 ttaugustsm
925 5449 951 5507 3.
990 5445 1127 5506 uuum.
1148 5449 1305 5510 Panaretus

918 5570 1034 5637 uoce.

183 5667 236 5745 tlt)
251 5669 357 5730 Paulus
371 5668 486 5732 scilicet.
