3882 6170
240 387 293 448 tta

756 373 785 437 S.
806 375 954 438 loculus
975 375 1119 435 aaearls
1135 373 1386 438 ruoamcalvms

1814 381 1857 446 au

239 505 412 583 linquentes,
422 518 487 559 cnm
501 515 552 559 sun
563 501 679 557 auctore
692 500 775 568 Dani,
789 499 913 556 ministri
927 499 1043 562 diaboli,
1055 503 1084 564 Α
1096 499 1283 556 manifestans
1298 500 1369 558 inse
1381 499 1549 574 Verbigenoe
1564 502 1698 576 magnalia
1709 505 1752 580 qni
1766 507 1859 568 rudenti

240 598 310 654 illud
325 597 410 668 caput
423 596 552 648 sanctum
568 590 646 663 quod
661 607 719 645 nou
733 590 964 661 impinguaverat
979 605 1043 660 pec-

239 685 344 744 catoris
360 685 467 749 oleum,
481 681 530 736 sed
545 679 615 734 certi
634 678 760 750 mysterii
776 677 1043 743 sacramentonum

239 777 318 842 silva,
335 771 379 828 cui
394 770 563 826 vocabulum
580 772 622 822 est
651 766 850 838 Hagdcsdum,
877 767 1044 820 recedentes

238 861 471 938 asportaverunt,
485 874 518 914 ac
533 858 609 913 inter
624 857 712 910 densa
723 855 852 926 veprium
865 855 971 908 fruteta
983 856 1044 908 lon·

237 955 300 1029 gius
316 952 476 1025 projectum
485 947 680 1012 occuluerunt,
688 944 717 998 id
727 944 807 998 omni
819 943 975 1014 sagacitate
986 943 1043 998 ela·

237 1043 374 1101 borantes
388 1056 453 1094 nea
468 1034 643 1101 Christianis,
658 1050 729 1106 quos
743 1033 785 1088 vix
800 1049 905 1106 paucos
919 1031 1044 1103 relique-

237 1120 1045 1198 rant,sacratissimumcorpusmartyriscumcapitepro·

235 1209 1042 1280 tumulantiummodulohonestaetradereturseputturae.

238 1308 308 1366 Huic
323 1310 421 1361 autem
436 1301 597 1374 spectaculo
615 1304 674 1354 tam
690 1297 820 1354 horribili
835 1297 952 1368 quidam
978 1314 1043 1351 nos-

236 1399 289 1452 trae
304 1393 452 1466 religionis
472 1388 663 1445 delitescendo
677 1386 818 1450 interfuit,
830 1402 927 1457 quem,
937 1385 1045 1438 sulslra-

238 1487 327 1550 ctum,
343 1487 376 1537 ut
390 1480 544 1545 credimus,
556 1491 736 1550 paganorum
747 1473 859 1545 gladiis,
872 1473 967 1528 divina
979 1489 1046 1544 pro-

1096 591 1189 645 asellae
1205 591 1336 647 humana
1345 592 1492 664 compegit
1503 592 1597 660 verba,
1613 598 1643 649 ut
1651 593 1795 668 increparet
1807 615 1859 669 pro-

1095 677 1189 748 phetae
1206 678 1411 752 insipientiam.
1425 679 1474 735 Cui
1487 681 1622 737 miraculo
1635 699 1725 738 rerum
1746 685 1860 744 Conditor

1095 766 1863 830 aliudannexuitdumcoelestithesauroinsolitumcusto·

1096 855 1163 910 dem
1180 854 1269 909 dedit.
1286 855 1396 928 Quippe
1422 856 1560 912 immanis
1573 857 1653 928 lupus
1665 875 1697 914 eo
1719 860 1766 914 loci
1785 861 1862 918 dvina

1096 942 1281 998 miseratione
1296 947 1339 998 est
1367 948 1507 1015 repertus,
1525 944 1573 1016 qui
1597 944 1665 1000 illud
1682 963 1783 1001 sacrum
1796 953 1864 1020 caput

1094 1029 1171 1086 inter
1182 1032 1300 1087 brachia
1315 1034 1693 1107 complexus,procumbebat
1706 1036 1786 1104 humi,
1798 1053 1863 1092 excu-

1094 1119 1156 1174 bias
1166 1120 1321 1175 intendens
1332 1121 1462 1193 martyri.
1475 1123 1531 1176 Nec
1542 1121 1594 1176 sibi
1602 1122 1866 1194 depositumpcrmisit

1095 1208 1200 1263 laedere
1213 1209 1380 1282 quampiam
1389 1209 1558 1277 bestiarum,
1570 1209 1645 1282 quod
1653 1210 1808 1278 inviolabile,
1818 1213 1865 1267 solo

1096 1300 1180 1350 tenus
1193 1301 1349 1367 prostatus,
1358 1298 1447 1353 oblita
1457 1298 1865 1360 voracitateservabatattentius.

1097 1383 1178 1448 Quod
1190 1386 1341 1457 stupefacti
1350 1385 1478 1442 videntes
1493 1387 1541 1458 qui
1551 1385 1750 1454 confluxerant,
1761 1387 1866 1442 beatissi-

1096 1489 1176 1527 mum
1192 1489 1292 1544 regem
1306 1476 1335 1528 et
1349 1478 1508 1546 martyrem
1532 1475 1736 1530 Eadmumdum
1760 1475 1796 1529 illi
1814 1492 1866 1530 vero

236 1571 363 1626 videntia
377 1569 413 1624 ad
434 1565 677 1622 manifestandum
695 1563 778 1632 hujus
806 1562 847 1615 rei
872 1560 1042 1632 indaginem
1095 1560 1304 1618 desideriorum
1325 1562 1525 1618 indicaverunt
1547 1563 1657 1618 meritis
1677 1562 1800 1630 similem,
1819 1563 1867 1635 qui,

237 1657 402 1725 reservavit,
413 1653 610 1710 licetomnino
625 1651 803 1720 ignoraverit
813 1649 882 1721 quid
895 1649 930 1703 de
950 1649 1042 1721 capite
1094 1645 1169 1703 inter
1185 1650 1372 1705 esurientium
1399 1650 1487 1706 rictus
1511 1651 1641 1714 leonum,
1662 1649 1759 1706 illaesus
1782 1651 1868 1721 sprevit

234 1747 343 1803 factum
356 1748 440 1814 esset,
457 1743 509 1798 nisi
521 1741 598 1814 quod
613 1757 678 1794 com
690 1756 723 1794 eo
735 1739 883 1794 carnifices
893 1739 988 1792 Dauos
1000 1737 1042 1791 in·
1094 1739 1188 1792 minas
1202 1739 1408 1794 insidiantium.

236 1835 372 1892 terionem
388 1833 487 1888 silvam
500 1834 599 1904 petere
615 1828 815 1901 conspexisset.
1055 1819 1080 1879 B
1128 1830 1180 1884 ΧΗ.
1198 1831 1381 1882 assumentes
1397 1842 1466 1899 ergo
1482 1827 1614 1884 unanimi
1637 1827 1779 1884 devotione
1797 1843 1867 1900 quarn

270 1916 1042 1991 llllouamobremquantulacunqueredditaEcclesiis
1093 1920 1266 1974 invenerant
1280 1917 1487 1972 inaestimabilia
1505 1916 1593 1988 pretii
1616 1916 1802 1988 margaritam,
1817 1931 1868 1969 curn

234 2030 304 2086 pace
319 1989 469 2084 ceperunt
483 2006 634 2063 Christiani
658 2007 692 2061 do
718 2005 841 2060 latibulis
855 2020 1040 2077 consurgere,
1093 2008 1216 2080 profusis
1229 2023 1289 2078 prae
1304 2005 1410 2077 gaudio
1423 2005 1619 2077 lacq‘rnarum
1638 2004 1770 2060 imbribus
1783 2005 1869 2058 retule-

234 2101 366 2173 diligenti
381 2098 567 2171 inquisitione
589 2097 752 2165 satagentes
766 2097 797 2147 ut
813 2096 898 2163 caput
910 2093 953 2146 sui
966 2093 1042 2164 regis
1092 2100 1161 2150 runt
1177 2093 1728 2164 adsuumcorpus,benedicentesDeum
1740 2089 1870 2162 inbymnis

234 2193 263 2246 et
273 2188 407 2261 martyris
418 2183 688 2252 inventumcorpori
702 2182 826 2248 unirent,
837 2181 1040 2250 etjuxtasoam
1094 2186 1123 2238 ct
1136 2183 1277 2250 laudibus,
1290 2185 1482 2254 prosequente
1498 2198 1588 2254 usque
1615 2181 1650 2235 ad
1666 2182 1755 2235 locum
1770 2173 1870 2248 sepulcri

233 2272 671 2344 facultatemcondiguohonore
686 2267 1041 2338 reconderent.Siquidem
1092 2273 1169 2344 lupo,
1185 2270 1352 2326 carumdem
1363 2270 1550 2342 reliquiarum
1561 2269 1678 2325 custode
1692 2272 1720 2322 et
1731 2263 1870 2338 baiulooui

233 2364 354 2437 paganis
379 2361 561 2424 abeuntibus,
577 2361 606 2412 et
620 2355 836 2427 depopulationi
864 2354 905 2426 (in
921 2355 1041 2426 regione
1092 2359 1132 2414 eis
1144 2376 1161 2414 a
1175 2362 1260 2430 tergo
1275 2359 1442 2428 imminens,
1458 2362 1487 2414 et
1497 2358 1577 2430 quasi
1589 2375 1642 2430 pro
1658 2355 1871 2428 perditopignore

233 2452 340 2506 scilicet
361 2445 614 2518 Estrangulorum)
638 2459 753 2514 quoquo
776 2443 906 2498 locorum
921 2459 1041 2514 operam
1091 2447 1202 2518 lugens,
1223 2463 1290 2501 cum
1323 2447 1471 2501 neminem
1499 2446 1587 2500 etiam
1616 2445 1742 2500 irritatus
1765 2440 1872 2504 lederet,

233 2539 368 2596 dantibus
383 2536 453 2591 illud
469 2550 572 2605 corpus
583 2531 806 2598 sanctissimum,
819 2530 914 2584 adhuc
929 2529 980 2584 sub
992 2531 1039 2586 dio
1091 2533 1612 2604 neminiimportunusexisteret,nota
1621 2533 1729 2589 dilecte
1737 2525 1872 2585 solitudinis

233 2622 557 2700 positum,facillimeest
566 2622 712 2692 repertum
722 2618 751 2672 in
763 2618 867 2673 eodem
880 2633 984 2689 campo
992 2618 1037 2675 ubi
1091 2626 1200 2676 secreta
1212 2622 1315 2676 illusus
1339 2623 1469 2694 repetiit;
1493 2638 1546 2676 nec
1562 2622 1681 2678 ulterius
1705 2619 1732 2674 in
1747 2617 1797 2673 illis
1817 2613 1872 2670 locis

232 2734 283 2774 rex
298 2713 440 2778 occubuit,
457 2710 600 2781 completo
618 2723 700 2762 cursu
714 2706 757 2762 sui
772 2706 948 2764 certaminis.
965 2705 1037 2776 Quo,
1090 2711 1182 2782 lupus,
1199 2711 1292 2780 specie
1308 2714 1367 2765 tam
1383 2709 1527 2778 terribilis,
1544 2709 1688 2782 apparuit.
1701 2707 1760 2772 Ouo
1775 2704 1872 2760 tandem

230 2807 349 2880 propter
358 2801 509 2872 antiquam
520 2794 1038 2866 beneficiorummemoriam,etinge-
1089 2797 1253 2865 recedente,
1267 2813 1333 2852 cum
1349 2796 1626 2868 summadiligentia
1636 2799 1665 2851 et
1673 2791 1874 2864 omnisagacita·

231 2894 323 2950 nitam
333 2890 410 2962 regis
424 2885 620 2953 clementiam,
637 2883 735 2957 populi
759 2883 885 2955 undique
908 2882 1037 2955 gratuito
1089 2885 1124 2940 tis
1138 2886 1232 2942 studio
1243 2888 1386 2959 aptantes,
1402 2885 1505 2958 quibus
1519 2885 1664 2940 creditum
1678 2887 1729 2952 est,
1739 2883 1873 2954 caputcer-

182 2965 187 2972 ’
229 2980 419 3046 confluentes,
435 2977 583 3047 coeperunt
596 2976 697 3028 moesto
710 2971 808 3027 animo
824 2972 949 3044 graviter
960 2971 1036 3026 ferre
1087 2975 1151 3045 pori
1167 2977 1278 3038 saneto,
1291 2972 1875 3047 protemporetradideruntutramquepa-

232 3070 309 3144 quod
325 3066 482 3123 caruissent
496 3066 578 3119 tanta
596 3060 724 3135 corporis
747 3059 891 3133 portione.
908 3059 1036 3125 Quorum
1048 3058 1073 3120 G
1087 3061 1475 3134 riterjunctumcompetenti
1485 3061 1716 3127 mausoleolluo
1726 3056 1873 3120 locoetiam,

232 3157 337 3215 animis
348 3170 473 3227 superna
485 3149 973 3225 inspiravitbenignitas,postquam
986 3165 1036 3204 au·
1087 3152 1225 3207 edificata
1241 3152 1288 3207 vili
1302 3169 1389 3224 opere
1405 3152 1527 3225 desuper
1545 3151 1675 3218 basilica,
1702 3149 1794 3206 multis
1806 3142 1874 3200 annis

230 3248 347 3305 dierunt
369 3244 444 3300 illius
457 3241 544 3296 verba
559 3239 639 3295 utilia
667 3238 715 3310 qui
740 3240 828 3293 tantae
852 3237 978 3305 visionis,
1006 3239 1038 3292 ut
1086 3241 1226 3314 requievit
1237 3241 1383 3309 humatus,
1400 3239 1743 3307 donec,sedatisomnino
1753 3236 1875 3292 bellorum

232 3335 341 3392 dictum
352 3335 404 3399 0⁵22
422 3329 563 3404 particeps
576 3326 880 3394 astiterat;ut,collacla
895 3325 1036 3398 plurimo·
1087 3330 1228 3386 incendiis
1241 3334 1271 3385 et
1282 3330 1375 3386 valida
1391 3333 1562 3402 tempestate
1578 3327 1793 3401 persecutionis,
1807 3321 1876 3393 cupit

231 3440 295 3479 rum
307 3420 619 3490 multitudine,quaqua
630 3431 743 3470 versum
755 3431 806 3487 per
817 3414 1036 3470 inviasilvarum
1086 3419 1228 3490 respirare
1234 3419 1370 3490 religiosa
1377 3419 1467 3492 pietas
1475 3418 1618 3488 fido-tium,
1631 3419 1731 3490 erepta
1741 3417 1774 3471 de
1786 3427 1877 3487 pressu·

232 3510 431 3584 experirentur
443 3507 467 3561 si
481 3507 518 3561 ad
532 3506 561 3560 id
573 3505 626 3559 loci
643 3503 777 3558 devenire
790 3503 970 3574 contingeret
979 3521 1035 3578 quo
1087 3507 1125 3562 ris
1137 3507 1367 3562 tribulationum.
1398 3507 1467 3573 Ques
1487 3506 1534 3561 ubi
1556 3510 1676 3579 tempus
1701 3505 1875 3576 opportunum

231 3600 284 3654 viri
299 3597 388 3654 sancti
402 3597 487 3666 caput
495 3593 615 3666 jaceret.
632 3594 686 3647 Pro
713 3594 791 3647 certo
808 3591 886 3646 enim
901 3593 1036 3649 omnibus
1086 3595 1203 3662 invenit,
1219 3596 1498 3667 devotionemquam
1505 3612 1576 3667 erga
1587 3595 1784 3652 beatissimum
1794 3601 1876 3660 regem

230 3703 296 3744 vere
307 3685 482 3758 sapientibus
495 3682 590 3737 inerat
604 3680 681 3752 quod
693 3679 795 3734 alienae
810 3684 892 3734 sectae
902 3681 1034 3750 cultores,
1086 3687 1114 3738 et
1127 3688 1286 3756 martyrem
1301 3683 1505 3738 Eadmundum
1520 3683 1634 3750 habuit,
1647 3699 1767 3756 operum
1785 3676 1877 3734 exhibi-

231 3773 498 3846 ipvidendonostraa
513 3769 592 3831 ssdei,
604 3767 780 3823 sustulissent
791 3771 876 3838 caput
889 3769 1034 3840 martyris,
1085 3772 1163 3828 tione
1179 3772 1374 3844 multipliciter
1380 3771 1641 3844 propalavit.ldem
1649 3787 1774 3842 namque
1782 3767 1878 3822 sauctus

231 3864 308 3937 quod
320 3879 379 3917 non
392 3859 505 3931 longius
515 3858 591 3913 intra
601 3856 1035 3913 densitatemsaltusabscondis·
1084 3862 1135 3916 sub
1151 3861 1199 3915 vili
1212 3860 1325 3930 tugurio
1335 3860 1728 3932 sanctificataedomus,cujus
1738 3851 1877 3925 essetapud

229 3956 303 4020 sent,
316 3953 365 4005 aut
378 3949 425 4003 vili
441 3947 547 4019 cespite
563 3945 710 4011 obrutum,
735 3944 896 3999 autavibus
922 3950 952 3998 et
965 3945 1033 4000 feris
1085 3951 1175 4005 Deum
1206 3949 1314 4016 meriti,
1339 3949 1429 4004 oreris
1451 3948 1662 4005 manifestabat
1690 3945 1876 4003 miraculorum

230 4038 438 4096 devorandum.
467 4035 596 4106 Cumque
620 4033 691 4088 inito
709 4031 826 4087 consilio
844 4049 947 4088 omnes
970 4033 1033 4104 pari
1082 4037 1180 4108 signis.
1194 4037 1300 4102 Quibus
1314 4038 1399 4093 rebus
1422 4039 1556 4110 permota
1572 4038 1708 4110 ejusdem
1737 4029 1875 4108 provincie

228 4129 330 4186 affectu
346 4127 382 4181 ad
398 4125 427 4180 id
455 4125 671 4188 concurrerent,
700 4121 880 4176 utcornibus
899 4122 1033 4177 veltubis
1083 4125 1248 4194 multitudo,
1265 4141 1323 4180 non
1335 4127 1428 4180 solum
1443 4126 1591 4197 vulgi,sed
1602 4125 1693 4182 etiam
1706 4117 1877 4184 nobiliumiu

228 4208 1033 4284 ductilibussingolicontentiessent,quatenus‚circum·
1081 4213 1148 4268 villa
1167 4215 1246 4286 regia
1260 4231 1323 4286 quia
1348 4213 1446 4285 lingua
1460 4215 1624 4285 anglorum
1653 4205 1878 4282 Bedricesgueord

226 4305 301 4359 circa
326 4303 526 4374 pervagantes,
541 4299 657 4354 vocibus
684 4302 733 4352 aut
761 4298 894 4352 tubarum
911 4299 1327 4391 strepituD{Beodrr'clresruurrl
1358 4303 1478 4371 dicitur,
1505 4302 1608 4358 latina
1645 4319 1713 4358 vero
1740 4291 1876 4373 (beodries)

226 4391 279 4447 Sibi
295 4392 396 4444 1¹1¹1ffl⁰
410 4389 573 4452 innuerent,
590 4402 626 4440 ΗΘ
648 4389 698 4440 ³¹¹2
712 4386 832 4440 lustrata
854 4388 1029 4456 repeterent.
1084 4391 1192 4446 bedrici
1217 4393 1304 4446 curtis
1330 4395 1457 4453 vocatur,
1487 4391 1649 4447 construxit
1683 4388 1876 4463 permaximam

225 4484 346 4535 autnon
370 4479 490 4532 lustrata
504 4476 681 4529 desererent.
701 4473 783 4538 Quod
807 4475 837 4527 ut
852 4473 960 4528 sactum
976 4477 1029 4542 est,
1081 4480 1155 4535 miro
1171 4480 1267 4552 ligneo
1288 4479 1418 4535 tabulatu
1433 4479 1595 4550 eeclesiam,
1611 4481 1650 4535 ad
1665 4495 1754 4553 quam
1769 4490 1840 4538 cum,
1853 4471 1878 4524 ut

224 4585 269 4624 res
284 4566 361 4622 dictu
386 4561 527 4619 mirabilis
550 4564 580 4616 et
607 4561 717 4616 seculis
741 4561 870 4617 inaudita
898 4561 1028 4634 contigit.
1081 4568 1210 4636 decebat,
1228 4569 1372 4623 transtulit
1386 4584 1450 4622 cum
1467 4584 1576 4640 magna
1590 4569 1698 4642 gloria,

224 4656 334 4729 Quippe
350 4655 435 4727 caput
449 4650 540 4707 sancti
554 4649 632 4722 regis
652 4648 766 4721 longius
781 4652 926 4706 remotum
947 4667 965 4706 a
979 4667 1029 4707 suo
1115 4655 1250 4724 XlV.Sed,
1263 4655 1369 4711 mirum
1380 4655 1472 4711 dictul
1484 4672 1551 4711 cum
1561 4656 1635 4712 illud
1660 4655 1813 4730 pretiosum
1826 4661 1877 4704 cur·

221 4759 354 4817 corpore,
366 4739 499 4812 prorupit
511 4739 540 4794 in
551 4754 619 4793 voce
632 4738 739 4810 absque
754 4738 894 4794 fibrarum
907 4739 1031 4812 opitula-
1080 4760 1132 4817 pus
1146 4744 1280 4816 martyris
1297 4745 1489 4815 putrefactum
1504 4747 1660 4816 putaretur
1675 4746 1714 4800 ob
1727 4743 1878 4798 diuturnum

221 4833 365 4900 tione,aut
376 4828 548 4886 arteriarum
556 4825 737 4898 precordiali
753 4842 883 4882 munere.
894 4828 1030 4901 Vespillo·
1080 4832 1205 4904 spatium
1217 4831 1352 4886 transacti
1363 4833 1514 4903 temporis,
1523 4830 1564 4887 ita
1576 4849 1684 4886 sanum
1696 4834 1739 4885 est
1747 4827 1879 4898 repertum

221 4936 293 4978 rium
305 4935 375 4974 sane
390 4933 471 4973 more
494 4915 622 4990 pluribus
637 4915 816 4986 pedetentim
841 4916 918 4971 invia
932 4919 1028 4990 perlu-

220 5008 455 5075 strantibus;cum
463 5005 526 5076 jam
536 5006 632 5076 posset
644 5002 738 5059 audiri
749 5003 881 5076 loquens,
893 5005 931 5060 ad
947 5022 1029 5060 voces

220 5117 250 5155 se
258 5091 1026 5163 invincemcohortantium,et,utpotesociiadsociom,

219 5185 385 5243 alternatim
400 5181 587 5238 clamantium
602 5180 649 5236 ubi
662 5181 712 5236 es?
736 5180 805 5234 illud
822 5181 1025 5253 respondebat,

220 5273 398 5348 designando
412 5273 519 5335 locum,
529 5268 623 5342 patria
637 5268 736 5340 lingua
750 5267 847 5323 dicens
862 5284 868 5323 :
885 5267 953 5334 Her,
969 5270 1025 5340 ber,

217 5366 283 5431 der3
299 5362 377 5436 quod
392 5361 614 5433 interpretatum
629 5355 745 5412 Latinus
755 5373 851 5412 sermo
869 5357 1025 5430 exprimit:

217 5455 284 5522 Hic,
295 5453 348 5520 tic,
361 5451 413 5505 bic.
427 5450 484 5504 Nec
497 5461 636 5519 unquam,
653 5444 756 5499 eadem
771 5446 940 5516 repetendo,
968 5449 1025 5503 cla·

218 5558 300 5599 mare
314 5538 433 5606 destitit,
444 5535 538 5609 quoad
552 5550 654 5589 omnes
664 5533 701 5589 ad
713 5551 742 5587 se
757 5533 1026 5610 perduxitpalpita-

219 5631 270 5687 bat
284 5631 406 5684 mortuae
415 5625 521 5698 lingoae
528 5623 673 5698 plectrum
684 5621 1026 5701 intramcatustcucium,

1080 4924 1109 4974 et
1127 4919 1282 4980 incolume,
1295 4924 1395 4973 utnon
1407 4917 1501 4973 dicum
1514 4923 1603 4992 caput
1618 4918 1845 4990 redintegratum
1858 4911 1881 4962 ct

1079 5007 1316 5081 compaginatum
1328 5006 1452 5079 corpori,
1470 5007 1519 5061 sed
1529 5007 1654 5062 omnino
1664 5007 1694 5062 in
1710 5022 1744 5061 eo
1759 4995 1881 5058 nibiliol-

1079 5097 1165 5164 neris,
1181 5095 1251 5150 nibil
1265 5094 1403 5150 cicatricis
1418 5095 1594 5168 apparuerit.
1613 5095 1720 5167 Sicque
1733 5109 1795 5148 cum
1812 5101 1880 5142 rere·

1077 5185 1173 5240 nentia
1187 5183 1382 5239 nominandus
1396 5187 1511 5238 sanctus
1521 5199 1569 5238 rex
1580 5185 1612 5237 et
1628 5186 1743 5248 martyr
1754 5177 1881 5234 Eadmuu·

1078 5274 1140 5342 dus,
1156 5271 1280 5342 integer,
1306 5274 1335 5326 et
1349 5271 1454 5326 viventi
1474 5270 1651 5340 simillimus,
1666 5271 1705 5327 ad
1725 5265 1880 5342 praedictum

1077 5362 1173 5416 locum
1183 5364 1226 5414 est
1235 5361 1399 5425 translatus,
1415 5359 1461 5413 ubi
1472 5359 1564 5414 adhuc
1578 5359 1610 5414 in
1624 5359 1729 5414 eadem
1743 5357 1879 5411 sor-mact-

1076 5452 1186 5522 spectat
1194 5450 1279 5504 beata
1287 5447 1527 5503 resurrectionnis
1533 5447 1643 5520 gaudia
1656 5439 1879 5521 promissalan·

1077 5543 1140 5594 tum
1154 5539 1182 5594 io
1198 5540 1259 5610 ejus
1276 5539 1361 5606 collo,
1377 5537 1413 5592 ob
1444 5538 1558 5609 siguum
1576 5537 1725 5610 inartyrii,
1740 5533 1819 5590 rubet
1832 5539 1879 5620 uria

1080 5628 1248 5684 tenuissima
1260 5626 1357 5706 rigatu
1372 5625 1492 5686 turudum
1504 5625 1543 5684 uli
1556 5623 1700 5696 coccinei,
1715 5619 1879 5678 sicuttestarr
