3932 6174
120 411 160 472 666
727 417 927 478 canonicari
946 418 1139 478 GRADENSE.
1711 423 1764 485 666

123 545 182 602 mut
195 550 231 590 ιτ·
247 543 408 619 apostolica
422 543 573 620 primitns3
587 545 824 606 cuibeatissimus
836 549 950 622 pepaA
968 547 1005 604 ad
1021 547 1194 606 munitatem
1208 548 1369 623 respitiant,
1383 551 1412 606 et
1426 546 1475 606 illa
1484 555 1520 594 ¹⁸⁸
1536 549 1678 624 elegere,
1690 551 1768 608 unde

124 634 267 708 Gregorius
279 635 431 707 epistolam
448 637 560 702 direxit,
576 638 800 694 interdicentem
815 646 850 680 1⁸⁰
867 638 914 694 in·
964 653 1023 692 uon
1038 645 1073 680 ¹⁸⁹
1087 654 1119 694 ex
1135 641 1276 710 potestate
1290 639 1426 695 divinitus
1433 639 1767 712 concessasuppliciased

123 726 159 780 ter
171 727 294 785 ceteras.
312 741 348 780 ne
362 743 499 798 umquam
513 727 608 783 aliena
619 729 686 799 jura
699 727 914 790 invaderet,aut
962 725 1083 796 premia
1099 730 1258 798 sperentur.
1277 725 1417 784 Convenit
1432 729 1522 796 enim,
1539 731 1570 784 ut
1589 744 1656 784 cum
1682 729 1766 786 unius

123 822 148 858 ¹⁸¹
162 814 334 870 temeritatis
347 831 416 870 ausu
433 824 466 858 ¹⁸¹
478 819 628 888 usurparet
638 815 858 888 jurisditionem
867 833 913 871 cu·
962 813 1033 869 votis
1044 831 1190 886 paremus,
1207 815 1324 872 alterius
1335 817 1402 888 jura
1422 833 1481 872 non
1497 817 1677 874 fraudentur.
1693 817 1766 884 Quia

118 903 257 975 jumnem,
270 904 353 960 setin
368 905 411 960 his
422 908 495 962 esset
508 909 691 978 contemptus
705 914 739 948 ¹⁸³
750 921 913 978 quaeusque
963 917 1032 972 crgo
1048 901 1135 958 missa
1150 903 1300 972 relatione,
1317 922 1369 961 nos
1383 923 1399 960 a
1414 907 1472 962 lieo
1487 907 1593 962 salvata
1605 907 1766 962 commuui-

120 994 179 1047 tunc
191 991 372 1063 possedisset.
389 995 423 1048 Et
441 1011 474 1049 er
490 993 660 1050 auctoritate
674 995 832 1067 apostolica
843 1009 913 1066 prae-
962 993 1006 1044 tas
1017 999 1053 1034 ¹⁹⁰
1067 995 1160 1046 vestra
1170 991 1263 1063 petiit,
1279 996 1381 1048 contra
1396 995 1470 1050 Foro
1481 995 1627 1066 julensem
1652 995 1765 1052 antisti-

118 1079 184 1151 cepit
198 1079 259 1154 ipse
274 1081 456 1136 beatissimus
481 1098 566 1154 papa,
596 1100 649 1138 neo
676 1085 734 1139 ullo
754 1083 841 1139 modo
854 1085 912 1138 ter·
961 1081 1022 1134 tem
1032 1083 1244 1162 agentes‚quod
1252 1082 1493 1154 cupiatinvadore
1501 1083 1642 1140 ditionem
1651 1092 1685 1128 ¹⁰¹
1696 1085 1766 1141 Gra·

120 1167 207 1224 minos
220 1170 381 1238 excederet,
395 1187 413 1225 a
426 1171 538 1227 Donato
555 1173 676 1242 praesule
691 1171 835 1228 Gradense
846 1188 912 1243 pos-

118 1262 270 1326 sennaser
289 1258 342 1314 sibi
356 1259 500 1316 sufficeret
524 1259 553 1314 in
582 1257 627 1315 his
655 1278 719 1332 que
737 1259 911 1332 possidebat,

118 1346 301 1418 peramplius
315 1365 403 1418 quam
428 1347 458 1402 iu
483 1347 588 1402 finibus
601 1350 700 1420 procul
716 1348 803 1404 dubio
819 1345 913 1418 gentis

120 1435 375 1508 Langobardorum
412 1452 540 1507 grossum
565 1437 686 1492 tendere
713 1437 911 1508 presumeret.

121 1522 231 1586 Quodsi
247 1523 417 1578 inobediens
443 1523 553 1593 luisset,
578 1523 726 1598 apostolici
742 1523 848 1594 vigoris
872 1522 914 1577 in·

123 1611 217 1683 dignus
243 1610 431 1684 judicaretur.
448 1613 557 1670 llortuo
577 1629 645 1668 vero
663 1614 776 1668 Donato
791 1611 913 1683 patriar-

123 1701 175 1767 cba,
190 1699 239 1771 qui
256 1699 340 1755 aunis
363 1716 486 1755 numero
512 1707 528 1757 7
554 1700 629 1756 rexit
643 1699 856 1773 pontificatum,
872 1715 916 1754 se·

124 1789 210 1861 pullus
225 1791 269 1844 εει
281 1787 311 1844 in
327 1788 444 1843 basilica
456 1791 562 1844 sanctae
575 1788 723 1844 Eulemiae.

963 1167 1058 1223 densis
1071 1170 1241 1242 patriarchae
1255 1175 1284 1227 et
1299 1176 1330 1228 ut
1345 1188 1505 1245 numquam
1522 1174 1660 1230 excedere
1668 1173 1766 1230 termi-

963 1273 1033 1312 num
1051 1259 1092 1312 vol
1103 1258 1171 1330 jora
1181 1259 1317 1316 invadere
1333 1261 1446 1330 aliena;
1464 1262 1514 1317 sed
1529 1278 1583 1318 nec
1598 1263 1669 1319 velle
1688 1262 1718 1318 iu
1731 1279 1766 1318 ea

963 1346 1766 1420 qumhactenuspossedissetessecontentum30uietiam

963 1432 1139 1506 inpraesenti
1151 1452 1187 1490 ne
1201 1452 1235 1492 ea
1244 1440 1368 1510 temptet
1382 1454 1415 1493 ex
1425 1438 1596 1494 auctoritate
1608 1439 1767 1511 apostolica

964 1522 1173 1590 interdiximus,
1182 1524 1265 1596 eique
1277 1542 1445 1581 concessum
1458 1525 1577 1598 pallium
1584 1527 1636 1582 sub
1646 1527 1700 1584 hac
1706 1544 1767 1584 esso

964 1609 1142 1678 conditione,
1172 1611 1359 1680 dilectissimi,
1386 1614 1491 1670 sciatis.
1518 1615 1569 1670 Cui
1599 1615 1705 1684 denuo,
1731 1633 1767 1672 ne

964 1702 1123 1770 praesumat
1135 1699 1283 1764 excedere,
1300 1701 1494 1774 praecipimus.
1521 1702 1561 1757 Ne
1577 1720 1647 1776 ergo
1658 1703 1780 1769 incuria,

965 1786 1092 1857 quedam
1109 1790 1159 1842 aut
1171 1787 1277 1844 incidio
1292 1790 1388 1844 locum
1397 1806 1468 1860 gens
1478 1805 1580 1845 eorum
1593 1790 1767 1859 insidiando,

153 1875 253 1949 lncipit
265 1875 386 1947 epistola
396 1876 472 1934 beati
483 1875 611 1949 Gregorii
624 1893 705 1950 papae
713 1865 952 1932 miasaSerenoB
967 1877 998 1928 ut
1013 1875 1127 1942 assolet,
1143 1875 1270 1940 invadat,
1287 1877 1440 1950 pervigiles
1455 1880 1562 1941 cavete,
1582 1877 1676 1950 potius
1690 1880 1768 1938 solli-

127 1964 526 2038 episcopoForojulensi,inbis
534 1965 627 2022 verbis
635 1964 914 2022 interdicens2cTan-

127 2057 149 2109 to
159 2070 276 2110 munere
285 2054 405 2128 quisque
415 2054 532 2123 ditatur,
544 2059 686 2127 quantum
697 2055 727 2110 in
738 2053 915 2110 sublimitate

124 2143 220 2215 positus
229 2142 265 2198 de
275 2159 306 2198 se
316 2158 350 2198 ex
364 2143 504 2198 mandato
523 2141 633 2198 domini
645 2141 848 2215 ltedemptnris
860 2142 914 2196 hu-

124 2231 218 2286 militer
235 2229 333 2286 sentit.
346 2230 459 2286 Etenim
467 2231 617 2304 pastoralis
628 2231 753 2304 dignitas
761 2230 914 2303 singulari·

123 2322 196 2374 terex
209 2318 373 2374 humilitate
382 2319 720 2391 ornatur.Spemendum
729 2319 835 2391 quippe
846 2333 914 2389 apo·

123 2408 212 2464 stolica
222 2407 306 2464 lectio
320 2409 417 2480 arguit
429 2409 533 2478 elatos3
550 2412 577 2464 et
591 2408 613 2464 si
628 2408 914 2481 accepistiquidglo-

121 2496 281 2570 narisquasi
293 2513 352 2552 non
365 2497 530 2568 acceperis?
545 2497 616 2552 Nam
632 2497 701 2552 dum
718 2497 754 2552 ad
767 2497 915 2552 cumulum

122 2585 157 2640 tui
173 2585 289 2642 honoris
305 2585 447 2658 precibus
462 2585 559 2641 eximii
579 2584 629 2640 lilii
643 2584 734 2641 nostri
749 2584 825 2657 regis
837 2584 914 2653 flexi,

121 2673 269 2744 plurimum
285 2676 315 2728 et
329 2690 380 2747 pro
396 2673 571 2729 rectitudine
587 2673 666 2738 fidei,
677 2689 765 2746 quam
782 2677 809 2728 te
820 2677 914 2728 tuam·

123 2777 173 2833 que
185 2760 341 2818 ecclesiam
356 2763 458 2817 tenere
467 2763 497 2816 et
506 2761 640 2834 amplecti
649 2761 916 2832 cognovimnspro-

121 2848 916 2922 rocati,palleumtibidireximus‚interdicentesetinter

121 2939 208 2994 cetera
216 2945 260 3005 ¹⁸⁴,
271 2953 308 2992 ne
319 2953 458 3008 umquam
467 2937 799 3009 alienajuroinvaderes,
814 2940 864 2993 aut
876 2939 917 2992 te·

121 3025 915 3099 meritallsausu¹⁸⁸usurparesjurisditioniscujusquam;

965 1962 1014 2018 citi
1031 1964 1066 2019 de
1081 1967 1174 2019 vestra
1189 1967 1255 2036 post
1272 1964 1401 2021 divinum
1413 1966 1580 2038 praesidium
1593 1967 1770 2041 percogitate

967 2059 1001 2093 ¹⁸¹
1016 2053 1117 2108 salute.
1140 2053 1212 2118 Quia
1230 2054 1301 2110 illud
1325 2071 1384 2110 non
1411 2055 1560 2110 occasione
1585 2055 1691 2127 agitur,
1720 2056 1771 2114 sed

965 2139 1012 2194 ubi
1024 2145 1145 2212 possunt
1155 2143 1214 2198 lieo
1226 2142 1286 2212 ejus
1302 2151 1337 2186 ¹⁹⁸
1345 2143 1498 2198 resistente
1507 2143 1611 2198 virtute
1619 2147 1770 2218 perpetra-

966 2243 997 2282 re
1012 2235 1046 2269 ¹⁰⁶
1062 2228 1203 2284 nituntur.
1219 2230 1356 2301 Optantcs
1368 2247 1418 2286 vos
1438 2231 1473 2286 de
1486 2230 1598 2303 reliquo
1615 2230 1645 2286 in
1670 2249 1771 2289 amore

966 2315 1078 2370 domini
1094 2316 1184 2372 nostri
1202 2318 1266 2372 lesu
1282 2317 1386 2374 Christi
1396 2319 1515 2389 pollere,
1532 2321 1560 2374 et
1575 2317 1613 2374 ab
1628 2319 1710 2376 omni
1723 2320 1768 2376 iu·

964 2419 1068 2460 munes
1083 2405 1234 2462 aversitate
1247 2422 1375 2464 manere.
1391 2407 1468 2462 Bene
1480 2408 1582 2463 valete.
1600 2428 1614 2456 n
1651 2405 1654 2416 ¹

1002 2494 1119 2550 interim
1136 2497 1234 2550 autem
1261 2494 1307 2550 hic
1336 2495 1437 2550 beatus
1451 2495 1605 2568 Gregorius
1621 2496 1772 2552 defunctus

965 2585 1009 2638 est
1025 2584 1133 2650 Romae,
1149 2584 1193 2638 cui
1205 2583 1338 2639 successit
1348 2583 1772 2658 beatissimusGregoriuspapa

965 2671 1084 2740 tercius;
1098 2672 1147 2743 qui
1157 2674 1221 2744 post
1236 2671 1348 2726 obitum
1364 2671 1469 2728 Donati
1482 2671 1634 2728 Gradansis
1647 2674 1770 2746 patriar-

965 2763 1017 2817 che
1037 2762 1189 2834 epistolam
1210 2779 1293 2818 suam
1308 2763 1412 2819 direxit
1431 2763 1571 2821 universis
1596 2765 1772 2822 venetiensis

966 2867 1016 2906 seu
1030 2850 1141 2906 Histriae
1167 2855 1195 2906 et
1219 2854 1322 2908 cuucto
1347 2854 1466 2926 populo,
1493 2857 1525 2909 ut
1545 2853 1718 2912 electionem
1741 2854 1772 2910 in

966 2938 1142 2994 Gradensem
1158 2939 1353 3010 patriarcham
1380 2939 1520 2996 facerent.
1547 2940 1600 3007 Qui
1626 2943 1770 3014 praecepto

966 3025 1097 3099 ejusdem
1116 3042 1198 3098 papae
1222 3026 1350 3099 Gregorii
1375 3029 1527 3101 elegerunt
1540 3029 1722 3086 Antoninum
1734 3030 1773 3086 vi-

120 3113 166 3168 sed
181 3112 209 3168 in
223 3112 269 3168 bis
283 3115 589 3185 essescontentusquae
599 3129 689 3185 usque
701 3114 840 3169 hactenus
850 3129 915 3184 pos·
965 3132 1031 3170 rum
1048 3115 1284 3188 probatissimum
1295 3116 1326 3172 in
1342 3133 1417 3172 nova
1431 3120 1530 3173 sancta
1539 3117 1771 3192 Aquileiensipa-

119 3200 222 3258 sedisti.
237 3201 319 3256 Nunc
331 3217 409 3268 vero,
425 3204 457 3256 ut
469 3202 667 3274 cognovimus,
683 3201 834 3258 Gradansis
846 3218 917 3273 praa-
965 3204 1122 3260 triarcham
1138 3204 1287 3260 ecclesiam
1304 3206 1358 3275 lon.
1374 3205 1446 3278 725).
1465 3205 1518 3272 Qui
1534 3224 1551 3262 a
1567 3207 1651 3263 beato
1667 3208 1773 3282 Grego-

117 3289 184 3345 sulis
209 3288 311 3345 niteris
339 3290 494 3362 pervadere
506 3292 583 3363 jura,
599 3295 686 3362 atque
708 3307 742 3346 cx
756 3290 801 3346 his
814 3289 917 3362 quibus
966 3292 1009 3348 rio
1020 3309 1096 3365 papa
1106 3292 1195 3349 tercio
1206 3292 1290 3366 juxta
1299 3294 1481 3350 decessorum
1497 3310 1616 3350 suorum
1624 3299 1772 3369 exemplar

116 3377 241 3449 possedit
270 3394 347 3434 nunc
375 3395 464 3450 usquc
479 3395 626 3450 usurpare.
651 3379 691 3434 Ne
707 3395 777 3451 ergo
794 3379 824 3433 in
844 3395 916 3450 quo·
967 3379 1151 3452 privilegium
1185 3397 1251 3436 cum
1273 3381 1477 3437 benedictione
1490 3382 1577 3455 pallei
1602 3387 1771 3442 consecutus

116 3481 203 3537 quam
219 3465 321 3522 existas
334 3469 502 3535 temerator,
526 3484 559 3522 ex
576 3467 733 3539 apostolica
747 3467 917 3522 auctoritate
968 3470 1020 3523 est.
1033 3468 1082 3523 llic
1097 3469 1260 3525 Antoninus
1275 3477 1310 3512 ¹⁹⁵
1320 3469 1486 3541 patriarcba
1498 3472 1676 3529 ammonitus
1693 3477 1736 3529 est
1757 3491 1774 3530 a

113 3555 309 3630 precipimus,
339 3572 376 3611 no
391 3556 448 3611 ullo
465 3555 553 3612 modo
577 3555 721 3611 terminos
746 3555 866 3611 excedas
881 3555 916 3609 ah
967 3557 1106 3628 praedicto
1121 3557 1257 3630 Gregorio
1283 3573 1359 3630 papa
1373 3559 1497 3616 Romam
1512 3558 1549 3616 ad
1563 3561 1707 3633 synodum
1727 3579 1773 3618 oc-

113 3657 148 3698 eo
163 3658 322 3715 possessos,
348 3645 398 3714 sed
418 3646 513 3700 solum
528 3643 648 3698 sultitias
660 3643 691 3698 in
706 3643 807 3717 hisque
822 3646 851 3698 te
865 3644 917 3699 ha·
968 3661 1100 3714 currere;
1116 3647 1255 3719 adquam
1270 3647 1415 3719 synodum
1430 3648 1773 3722 lohannesarchiepisco·

113 3731 194 3802 beto,
212 3733 374 3806 quomodo
400 3749 490 3806 usque
518 3731 680 3804 possedisti,
709 3748 763 3787 nec
794 3731 918 3802 amplius
967 3751 1021 3807 pus
1037 3735 1299 3790 Ravenasvocatus
1314 3738 1491 3808 ostpropter
1506 3735 1729 3807 imaginesque
1744 3733 1775 3789 in

111 3837 203 3893 quam
218 3820 249 3878 iu
264 3820 373 3878 tinibus
388 3823 486 3894 procul
501 3821 588 3878 dubio
604 3820 700 3892 gentis
712 3819 919 3891 Lougobardo·
968 3822 1049 3894 regia
1063 3823 1133 3878 urbe
1147 3823 1293 3896 deponere
1299 3823 1445 3893 jubebant
1459 3823 1516 3879 Leo
1532 3826 1618 3895 atque
1634 3822 1774 3879 Constan-

110 3925 181 3966 rum
199 3909 385 3968 existentibus
409 3925 538 3981 gressum
559 3909 679 3964 tendere
697 3925 864 3981 praesumas,
888 3910 919 3963 ιιι
970 3911 1047 3966 tinus
1070 3910 1193 3982 augusti,
1206 3910 1355 3967 etinticite
1366 3910 1502 3984 conjugia
1516 3927 1581 3986 que
1593 3926 1645 3984 per
1663 3909 1775 3965 diversa

110 4016 175 4056 non
187 4001 293 4073 injuste
303 4001 332 4056 te
346 4000 500 4072 suscepisse
516 3999 640 4069 gratiam
664 3997 758 4054 collati
781 3997 867 4069 pallei
885 4015 919 4052 ex
970 4000 1034 4054 loca
1047 3999 1165 4054 flebant.
1182 4001 1248 4055 Post
1263 4000 1339 4054 banc
1357 3998 1539 4055 vocationem
1553 3998 1775 4070 Antoninuspa-

107 4091 344 4164 presumptione
359 4089 502 4145 ostendas.
520 4089 554 4143 Et
574 4088 642 4143 inde
658 4087 808 4160 apostolici
821 4086 920 4160 vigore
971 4087 1096 4143 triarcha
1111 4104 1177 4143 cum
1205 4087 1262 4143 suis
1290 4087 1479 4160 suffraganeis
1495 4087 1618 4142 Romam
1638 4086 1676 4142 ad
1690 4102 1776 4158 syno-

108 4181 242 4250 concilii,
256 4181 281 4236 si
294 4179 464 4236 inobediens
487 4177 586 4234 luisses
601 4177 806 4250 conprobatus,
822 4175 918 4245 indig-
972 4176 1041 4230 dum
1058 4177 1201 4249 perrerit;
1217 4176 1247 4231 in
1263 4193 1321 4249 qua
1332 4175 1443 4248 synodo
1454 4173 1600 4230 definitive
1614 4172 1712 4230 divisio
1733 4175 1778 4228 la·

109 4269 327 4342 nusjudiceris.
340 4269 413 4324 Data
431 4268 493 4324 llal.
510 4265 686 4333 Decembris,
702 4263 919 4321 indictionisv.»
973 4267 1019 4320 cta
1032 4267 1075 4320 ost
1088 4265 1166 4320 inter
1185 4265 1366 4320 Antoninum
1390 4264 1566 4320 Gradenssm
1581 4262 1777 4335 patriarcham

111 4357 198 4413 idem
211 4355 367 4430 Gregorius
380 4372 433 4428 pro
448 4356 502 4411 hac
515 4371 547 4410 re
559 4355 649 4410 talem
664 4353 701 4409 ad
716 4353 924 4427 episcoposVe·
973 4357 1003 4409 et
1017 4353 1160 4410 Serenum
1189 4354 1406 4425 Forojulensom
1435 4351 1607 4421 antistitem,
1620 4349 1777 4424 juxtaedi-

113 4445 203 4501 oetier
218 4447 247 4502 et
262 4444 381 4517 llystriae
411 4443 515 4499 direxit
539 4443 713 4515 epistolam:
730 4463 744 4492 ιι
760 4441 923 4524 Gregorius,
935 4449 962 4511 Ι)
974 4447 1052 4499 etum
1067 4443 1145 4499 beati
1157 4442 1286 4514 Gregorii
1297 4442 1425 4509 secundi,
1441 4441 1634 4498 confirmante
1655 4443 1717 4496 tota
1732 4457 1777 4513 sy·

110 4545 210 4589 servus
222 4549 372 4590 servorum
387 4531 449 4600 Dei,
466 4531 626 4603 episcopus,
635 4529 774 4585 universis
784 4529 926 4602 episcopis
975 4533 1052 4590 uodo
1069 4536 1098 4588 et
1113 4532 1288 4588 senteutiam
1304 4531 1497 4588 anathematis
1519 4529 1549 4586 in
1577 4531 1663 4603 hujus
1677 4529 1769 4587 conltr

113 4619 240 4680 Venetiae
260 4638 312 4678 seu
331 4620 451 4693 Hystriae
472 4619 515 4675 vel
543 4619 620 4690 plebi
645 4618 787 4690 ejusdem.
816 4617 926 4682 Quam·
975 4621 1112 4677 metionis
1126 4621 1280 4677 violatores
1295 4621 1430 4678 dictante.

112 4725 201 4781 quam
214 4729 247 4768 ex
261 4710 425 4766 ministerio
442 4709 520 4781 quod
533 4707 720 4763 miseratione
735 4723 863 4780 superna
877 4723 924 4764 re·
1010 4711 1119 4766 llortuo
1132 4727 1199 4766 vero
1215 4710 1434 4782 ipsoAntoniuo
1444 4710 1620 4782 patriarcha,
1632 4709 1780 4782 quiaonos

111 4799 358 4874 gimus,quicquid
371 4798 490 4872 provide
503 4797 690 4853 deliberando
705 4812 847 4869 peragere
862 4797 924 4853 abs·
973 4797 1255 4870 rexitpontillcatum
1267 4801 1312 4868 22,
1328 4814 1442 4854 menses
1460 4801 1502 4866 ιθ,
1514 4797 1575 4852 dies
1591 4798 1637 4865 20,
1653 4797 1781 4871 sepultus

115 4903 175 4958 que
188 4889 335 4946 obstaculo
353 4887 518 4956 conveniet,
538 4889 667 4942 etlumen
682 4903 718 4941 ne
734 4885 923 4957 trustrajudi·
974 4889 1017 4941 ost
1033 4889 1060 4942 in
1075 4886 1179 4942 endem
1195 4889 1289 4942 castro
1307 4886 1335 4941 in
1352 4885 1595 4942 [ecclesiasanctae
1616 4885 1777 4944 AEulemiae.

119 4977 195 5033 cium
207 4978 300 5052 egisse
314 4978 464 5033 videamur
488 4983 533 5039 ¹⁸⁸,
558 4977 607 5032 illa
630 4975 762 5048 cupimus
775 4974 921 5046 persequi,
973 4974 1043 5030 lluic
1059 4974 1374 5031 successitAEmilianus
1386 4974 1551 5047 patriarcba
1567 4979 1623 5042 (aa.
1640 4973 1716 5047 749),
1731 4973 1781 5046 qui

115 5080 179 5136 qua
189 5083 246 5124 non
260 5075 294 5111 Μ
306 5067 343 5122 ad
353 5065 497 5122 lesionem
512 5065 695 5138 cujusquam,
708 5080 810 5120 verum
826 5063 921 5137 potius
973 5063 1046 5118 rexit
1061 5062 1262 5136 pontificatum
1290 5079 1383 5119 annos
1411 5066 1438 5132 8,
1468 5063 1529 5118 dies
1543 5065 1569 5120 o.
1586 5064 1696 5120 hlortuo
1711 5077 1777 5117 vero

770 5237 889 5294 vatilla
917 5235 1119 5295 LEGTIONES.

150 5389 183 5425 ¹³⁹
195 5383 265 5439 deest
279 5386 306 5438 h'.
345 5381 384 5424 ιιι
401 5379 471 5437 deest
489 5379 516 5436 G;
556 5385 588 5420 ¹⁸¹
609 5393 646 5433 au
671 5377 741 5432 tto
793 5384 827 5418 ¹⁸¹
855 5375 915 5431 ausi
942 5379 969 5431 5.
993 5376 1019 5429 6.
1060 5381 1094 5416 ¹⁸³
1128 5377 1146 5430 ι’.
1173 5393 1196 5430 ε.
1220 5378 1383 5434 contentus.
1423 5384 1458 5419 ¹⁸⁴
1486 5371 1673 5447 prohibentes
1702 5368 1777 5425 addit

114 5449 253 5510 Daedalus
268 5456 295 5508 r'n
308 5453 430 5506 chronico
445 5468 511 5522 pop.
530 5447 590 5505 13¹2.
631 5457 665 5490 ¹⁸³
688 5465 740 5502 usu
755 5451 781 5503 5.
798 5449 825 5503 6.
865 5455 900 5489 ¹⁸⁶
920 5464 947 5501 a.
969 5462 1007 5501 nc
1033 5445 1054 5501 i.
1080 5445 1100 5501 i.
1129 5463 1155 5501 e.
1180 5463 1206 5505 v.
1225 5447 1319 5502 desunt
1342 5451 1367 5503 a.
1387 5449 1413 5504 6.
1435 5447 1521 5517 recepi
1546 5459 1577 5500 eu
1601 5459 1632 5498 ec
1655 5441 1778 5496 Βαιιάιιιο

109 5539 141 5593 Ρ.
171 5525 231 5582 lta.
271 5532 305 5567 ¹⁸⁷
333 5524 403 5578 deest
432 5526 459 5578 6.
489 5523 518 5578 6.
557 5527 592 5563 ¹⁸⁸
625 5521 655 5574 et
687 5519 736 5574 ille
763 5518 856 5572 desunt
885 5521 912 5574 6.
943 5517 969 5572 6.
1010 5525 1044 5559 ¹⁸⁹
1073 5517 1143 5572 deest
1170 5521 1196 5574 6.
1223 5519 1249 5572 G.
1289 5527 1324 5561 ¹⁹⁰
1351 5534 1375 5575 c.
1406 5519 1434 5572 et
1459 5533 1485 5571 v.
1510 5519 1536 5568 6.
1567 5515 1593 5567 6.
1634 5521 1667 5556 ¹⁹¹
1696 5513 1776 5569 inva-

115 5593 626 5670 dereuspueinvadererecideruutii.
647 5593 675 5646 6.
715 5597 749 5631 ¹⁹²
769 5587 1093 5662 cogitareDonduturp.
1111 5589 1174 5647 tas.
1213 5597 1248 5632 ¹⁹⁸
1261 5589 1302 5646 oia
1317 5605 1376 5646 non
1391 5587 1428 5644 D.
1468 5593 1502 5629 ¹⁹⁴
1518 5585 1722 5660 obtemperare
1737 5585 1775 5641 D.

115 5674 148 5708 ¹⁹⁸
161 5669 295 5724 antonius
310 5671 337 5722 5.
353 5669 380 5721 6.
