3862 6170
177 390 228 454 sn
711 375 1344 468 ronconeuoutcmuorssuoausrs
1560 335 1561 340 Ν
1763 389 1807 458 so

147 545 172 594 -s,
178 525 240 578 ctos
246 517 279 574 ut
285 510 417 573 inimicos
425 505 595 585 imperatori
601 511 820 582 repraesentant.
832 509 889 565 llec
895 507 1021 582 igiturA
1032 509 1186 582 resumptis
1200 503 1315 576 viribus,
1329 497 1359 564 et
1373 524 1390 564 a
1405 502 1569 566 lassitudine
1581 511 1700 582 recreati,
1714 513 1766 589 qui,
1779 520 1807 574 ut

176 608 291 682 patrate
299 600 428 669 victoria,
440 599 469 656 et
479 597 602 655 rebelles
610 596 872 670 condignaullione
880 597 983 670 perde·
1035 596 1167 665 diximus,
1181 597 1259 669 ripas
1273 597 1365 662 Rheni
1380 596 1509 656 fluminis
1520 597 1677 671 attigerant,
1689 602 1808 660 adinstar

176 689 565 760 muit,etTrojanosnostros,
577 685 739 742 Sicambros
749 683 982 747 videlicel‚Fren·
1031 685 1124 756 Troja
1138 686 1285 742 civitatem
1299 685 1441 741 aedillcare
1454 685 1550 741 conati
1563 690 1636 743 sunt.
1650 687 1701 745 Sed
1713 690 1809 764 imper·

177 773 651 854 cosappellaripracepitlixpletis
662 771 984 845 itaqueloannis,idem
1032 771 1141 827 lectum
1156 788 1227 846 opus
1242 773 1434 846 relequentes,
1452 773 1516 845 pari
1534 774 1648 830 consilio
1680 777 1811 848 elegerunt

178 863 516 941 imperatorprimarium
536 860 694 934 quemdam
722 877 788 917 eum
805 859 984 917 exactoribus
1033 859 1087 915 sibi
1101 877 1213 933 regern,
1227 861 1299 916 sicut
1323 862 1352 916 et
1365 864 1477 918 caeterse
1501 864 1811 934 gentes,nomineFera-

176 958 416 1014 dellomanorum
424 953 531 1024 populo
541 949 681 1022 misit,qui
698 949 984 1006 tributumaFrancis
1035 949 1189 1017 mundum,
1205 949 1297 1004 illium
1320 950 1514 1006 Marchomiris
1527 950 1578 1006 lilii
1591 951 1702 1020 Priami,
1717 957 1743 1008 et
1754 970 1811 1010 eum

176 1045 334 1117 exigerent.
351 1039 451 1095 Franci
466 1037 672 1108 vero-indigue
699 1037 825 1093 lerentcs
844 1037 922 1109 quod
936 1047 984 1109 qui
1034 1035 1104 1091 solio
1115 1036 1301 1094 sublimantes
1316 1037 1413 1093 debita
1427 1038 1719 1096 reverentiaexcolerc
1732 1057 1812 1113 coepe·

175 1128 532 1190 eademsorteGraecorum
540 1125 676 1181 sevitiam
686 1125 866 1182 evitantesde
876 1123 985 1197 propri·
1034 1126 1112 1181 runt.
1130 1123 1190 1189 Ono
1206 1124 1353 1193 defuncto,
1368 1125 1457 1182 fllium
1471 1126 1532 1197 ejus
1548 1126 1711 1184 Clodionem
1731 1127 1814 1203 inpa-

146 1289 150 1299 ,
182 1214 543 1288 isfinibusaulugerant,ad
553 1214 743 1288 persolvenda
751 1213 861 1269 tributa
870 1229 985 1287 germa-
1033 1214 1117 1268 terno
1127 1211 1198 1268 solio
1209 1212 1443 1270 sublimaverunt.
1460 1215 1510 1270 llic
1524 1214 1554 1270 in
1567 1215 1667 1272 linibus
1676 1215 1816 1290 Phoriugo

177 1326 248 1367 num
267 1305 439 1378 sanguinem
454 1305 665 1375 provocassent,
682 1302 722 1357 nil
737 1301 984 1358 moratiadversus
1032 1315 1097 1354 xum
1114 1300 1144 1356 in
1167 1300 1306 1372 Disperge
1322 1302 1438 1357 castello
1454 1303 1551 1375 paucis
1561 1303 1660 1360 diebus
1682 1303 1816 1363 habitavit.

176 1393 347 1471 primarium
356 1393 547 1462 insurgentes,
562 1405 629 1444 eum
640 1388 696 1444 vita
702 1387 859 1462 privavere.
871 1389 983 1444 Pariter
1033 1387 1161 1459 Suspeeti
1171 1403 1287 1460 semper
1297 1392 1380 1444 erant
1394 1390 1495 1444 Franci
1510 1390 1666 1454 etdnbii,et
1681 1391 1708 1446 in
1720 1391 1816 1448 incerto
1914 1393 1915 1398 ’

177 1489 206 1540 et
215 1476 982 1556 legatos‚quosdirexeratimperatortlonsilioetcnim
1031 1475 1205 1544 vacillantes,
1219 1476 1289 1532 dum
1304 1477 1488 1549 explorarent
1501 1478 1611 1547 sedulo,
1627 1479 1650 1534 si
1664 1479 1734 1534 forte
1747 1479 1818 1534 inve·

173 1573 315 1644 Juvenum
326 1565 487 1640 depravati,
499 1565 561 1620 hec
572 1565 687 1620 interae
702 1565 790 1620 verba
808 1564 980 1620 tractabant:
1032 1563 1143 1619 niretur
1155 1563 1258 1619 alicubi
1282 1565 1398 1620 locellus
1413 1566 1525 1638 aliquis,
1542 1567 1590 1639 qui
1610 1583 1707 1622 eorum
1719 1566 1817 1622 habits·

177 1652 544 1732 imperatorcumexercitu
553 1653 752 1708 Romanorum
761 1652 982 1724 Alanorumgen
1032 1651 1104 1707 lioni
1120 1651 1264 1707 videretur
1288 1669 1349 1708 essa
1373 1670 1527 1728 congruus.
1543 1655 1578 1709 Et
1600 1655 1670 1710 dum
1683 1653 1818 1711 hocteedio

177 1744 382 1803 temrebellem
391 1738 551 1797 delatibulo
561 1738 698 1812 paludum
709 1739 878 1810 ejicerenon
889 1739 985 1810 potuit
1033 1742 1198 1808 aestuarent,
1214 1741 1337 1796 relatum
1352 1745 1394 1796 est
1406 1742 1460 1797 illis
1475 1744 1511 1798 ab
1527 1743 1757 1815 exploratoribus,
1768 1743 1821 1797 Gal-

178 1837 208 1891 et
221 1832 337 1906 nos,qui
352 1848 401 1887 eos
416 1828 580 1895 devicimus,
594 1843 644 1882 cur
653 1827 763 1883 tributa
771 1826 959 1900 persolvimus
968 1820 1019 1883 ΥΒ
1032 1829 1102 1884 liam
1115 1845 1174 1884 esse
1188 1829 1318 1884 omnium
1329 1829 1483 1902 regionum
1497 1831 1680 1898 nobiliorem,
1694 1831 1768 1886 omni
1781 1847 1821 1885 re-

212 1921 261 1978 llis
274 1919 389 1986 auditis,
400 1917 560 1989 imperator
573 1916 639 1971 lelle
652 1915 765 1970 terrens
777 1917 878 1970 contra
892 1915 981 1970 Fran·
1031 1917 1137 1972 leriam
1152 1916 1302 1988 dignitate,
1333 1917 1473 1974 consitam
1499 1919 1668 1974 nemoribus
1687 1916 1822 1990 pomileris

177 2025 225 2066 cos
239 2007 330 2066 morit
351 2006 518 2071 exercitum,
544 2003 651 2058 ducens
674 2019 771 2058 secum
785 2001 981 2063 Aristarchum
1032 2007 1140 2060 terram
1152 2020 1211 2060 csse
1227 2005 1392 2073 larundam,
1402 2009 1501 2078 aptam
1512 2006 1656 2062 adomnia
1664 2022 1725 2078 qua
1734 2005 1823 2060 huma·

177 2096 361 2153 militiaeue
380 2092 549 2168 principem.
567 2090 620 2155 Qui
649 2089 781 2146 videlicet
803 2091 983 2147 Aristarchus
1033 2093 1207 2166 nispossunt
1220 2095 1371 2150 subvenire
1398 2095 1630 2151 necessitatibus.
1648 2095 1707 2150 Tali
1734 2095 1823 2148 nuutio

177 2201 242 2239 oum
258 2183 413 2238 innumere
425 2177 609 2236 multitudine
620 2194 707 2250 super
720 2179 843 2234 Francos
857 2179 979 2245 irruens,
1031 2181 1152 2236 animati
1166 2181 1279 2238 animos
1286 2187 1316 2238 et
1330 2183 1589 2256 ermacorripiunt,
1605 2187 1635 2238 et
1646 2181 1824 2238 advindicau·

177 2270 335 2344 quemdam
351 2283 452 2325 eorum
468 2267 571 2322 ducem
586 2265 707 2321 nomine
722 2265 870 2322 Priamum
883 2265 980 2338 gladio
1031 2268 1081 2324 das
1102 2268 1222 2341 injurias
1248 2287 1318 2343 quas
1334 2271 1502 2327 eRomanis
1529 2272 1720 2344 pertulerant,
1748 2267 1826 2324 corde

176 2357 339 2424 trucidarit,
359 2358 390 2412 et
413 2358 533 2410 caeteros
547 2352 637 2408 nimia
662 2352 740 2408 cade
768 2352 980 2422 comminuens,
1030 2373 1096 2412 cum
1111 2357 1213 2430 gladiis
1238 2361 1379 2414 exacuunt
1403 2375 1462 2414 non
1478 2361 1510 2415 ut
1533 2359 1659 2432 fugiant,
1679 2358 1728 2414 scd
1741 2359 1770 2414 ut
1783 2371 1825 2411 eos

177 2445 245 2501 licet
257 2459 322 2501 cum
331 2443 424 2498 multo
440 2439 590 2513 dispendio
605 2439 728 2498 Romani
743 2439 892 2508 exercitus,
919 2443 982 2497 tan·
1030 2445 1233 2512 exterminent,
1245 2450 1274 2502 et
1288 2463 1525 2520 unumquemque
1539 2464 1661 2503 suorum
1669 2445 1828 2517 dictisasps-

182 2532 250 2588 dem
266 2548 315 2588 eos
324 2544 474 2604 superans,
490 2530 572 2600 terga
585 2526 654 2582 dere
667 2526 981 2598 compulitseutientes
1029 2532 1380 2591 rioribusaccendunt.llis
1392 2534 1485 2590 ferme
1498 2534 1600 2591 diebus
1616 2533 1739 2602 Romani
1752 2531 1824 2588 habi-

176 2620 273 2693 itaque
284 2617 386 2674 Franci
414 2616 488 2672 iram
504 2614 687 2689 imwratoris
702 2613 751 2670 diu
764 2615 904 2671 sustinere
921 2633 980 2671 non
1029 2619 1291 2678 tabantallumine
1308 2622 1400 2678 Rheni
1421 2639 1510 2694 usque
1525 2623 1562 2679 ad
1587 2622 1710 2680 lluvinm
1729 2618 1828 2693 Ligeris

174 2724 269 2782 posse,
286 2711 315 2763 et
329 2705 594 2776 libertatemquam
609 2703 699 2758 armis
712 2702 905 2776 acpuisierant
918 2720 981 2777 per·
1030 2707 1196 2781 etaLigere
1209 2708 1295 2765 lluvio
1308 2726 1404 2765 versus
1424 2710 1575 2783 Hispanias
1601 2710 1688 2766 Gothi
1703 2708 1826 2765 domina·

175 2795 244 2875 dere
254 2793 613 2864 lormidantes,elegerunt
626 2787 718 2864 magis
733 2791 866 2848 omnibus
880 2792 979 2848 diebus
1029 2795 1144 2852 bantur.
1159 2797 1380 2870 Burgundiones
1393 2815 1509 2871 quoque
1520 2799 1623 2855 Ariani
1631 2801 1727 2866 erant,
1742 2800 1770 2853 et
1781 2796 1827 2852 ba·

173 2882 239 2940 vite
251 2900 309 2940 sues
320 2880 454 2948 exsulari,
475 2895 563 2954 quam
581 2879 655 2934 tanti
667 2879 795 2935 nominis
805 2879 979 2953 dignitatem
1028 2883 1253 2940 bitabantseeus
1277 2885 1450 2943 Rhodanum
1464 2886 1597 2943 lluvium.
1627 2885 1730 2942 Clodio
1749 2883 1829 2956 igitur

174 2970 269 3028 servili
284 2969 408 3045 amplius
423 2966 563 3024 maculari
576 2966 746 3024 inlamia.llt
758 2967 858 3023 relicta
868 2967 976 3024 Sicam·
1027 2989 1077 3028 rex
1087 2973 1179 3030 missis
1198 2973 1424 3046 praecursoribus
1437 2975 1495 3030 suis
1510 2991 1603 3048 usque
1615 2974 1655 3031 ad
1682 2974 1782 3030 urbem
1795 2969 1831 3027 Ca

83 3079 87 3084 ·’
171 3059 244 3130 bria,
256 3059 354 3116 media
367 3074 434 3131 pars
458 3057 588 3130 ipsorum
612 3071 677 3110 oum
691 3055 825 3110 uxoribus
839 3059 868 3110 et
882 3055 977 3112 liberis
992 3061 1250 3154 Cmaracumipse
1263 3078 1377 3135 quaque
1389 3079 1458 3118 cum
1479 3062 1608 3118 exercitu
1621 3061 1750 3118 maximo
1766 3060 1831 3114 ithe-

169 3151 361 3223 pervagantes
375 3145 588 3217 Europam,huc
603 3145 632 3198 et
642 3141 708 3198 illuc
718 3142 899 3210 vacillabant,
915 3159 975 3199 non
1027 3166 1098 3204 num
1125 3149 1267 3205 transiens
1292 3166 1341 3206 eos
1364 3152 1531 3207 subsecutus
1554 3154 1610 3220 eet,
1641 3152 1672 3206 et
1695 3149 1832 3222 ingressus

166 3239 307 3296 habentes
321 3239 414 3293 certos
423 3235 563 3302 iares,nec
577 3231 703 3304 propria
715 3230 846 3286 stationis
858 3231 975 3304 aliquod
1025 3236 1234 3293 Carbonariam
1246 3237 1358 3307 silvam,
1373 3239 1589 3295 Turnacensem
1605 3239 1754 3294 civitatem
1764 3234 1832 3292 obti-

166 3328 396 3383 drmamentum.
412 3323 468 3379 Per
490 3323 615 3378 diversos
629 3319 718 3392 igitur
732 3319 879 3374 anfractus
892 3319 975 3376 itine·
1024 3325 1241 3393 nuit,etexiode
1251 3325 1441 3382 Camaracum
1452 3343 1542 3400 usque
1554 3323 1832 3400 properavit.lbique

165 3415 205 3471 ris
218 3431 248 3470 se
260 3429 384 3486 suosque
395 3413 514 3482 nepotes
526 3409 625 3483 gladio
646 3405 846 3476 defensabant,
861 3407 884 3462 si
899 3407 973 3464 lorte
1023 3412 1171 3468 modicum
1186 3413 1323 3469 residens.
1337 3415 1483 3469 Romanos
1495 3430 1600 3470 omnes
1616 3413 1668 3486 qui
1691 3413 1722 3469 in
1737 3411 1833 3467 eadem

163 3505 285 3577 propter
295 3498 480 3574 adipiscenda
491 3497 557 3553 vita
569 3494 711 3568 stipendia
728 3495 975 3567 progrederentur
1022 3499 1129 3572 reperti
1145 3503 1212 3556 sunt
1224 3501 1320 3573 gladio
1330 3501 1467 3558 trucidari
1483 3502 1635 3574 pracepit.
1655 3501 1719 3567 Qua
1727 3499 1833 3555 civitate

163 3590 281 3656 alicubi,
295 3591 324 3644 et
336 3583 630 3656 inhumanosaliquos
640 3582 866 3655 adprohibenda
879 3601 974 3642 neces·
1023 3591 1147 3658 retenta,
1163 3588 1231 3645 inde
1243 3590 1428 3662 progreditur
1438 3594 1467 3646 et
1482 3608 1573 3662 usque
1590 3590 1628 3646 ad
1641 3590 1765 3646 Sumam
1788 3587 1835 3643 llu-

162 3679 236 3735 sarie
251 3675 448 3734 offendissent.
465 3675 499 3729 Et
512 3687 687 3746 quocunque
698 3671 972 3743 progrediebantur,
1024 3675 1101 3732 vium
1117 3677 1275 3749 occupavit,
1289 3681 1318 3732 et
1336 3675 1481 3750 ingressus
1492 3677 1714 3733 Ambianorum
1727 3676 1833 3740 urbem,

161 3783 263 3824 eorum
277 3769 372 3821 terror
386 3763 492 3836 ubique
502 3760 621 3817 diffusus
633 3758 973 3832 compellebat-inunum
1023 3763 1133 3820 ibidem
1149 3767 1178 3819 et
1194 3764 1277 3836 regni
1289 3765 1386 3820 sedem
1410 3764 1520 3828 statuit,
1536 3769 1566 3820 et
1581 3765 1725 3838 deinceps
1740 3765 1835 3836 pacato

159 3847 973 3927 convenirepopulos,gentesinnumerasadunariuniver
1017 3853 1084 3924 jure
1100 3851 1215 3924 quievit.
1234 3852 1374 3924 Regnavit
1384 3852 1472 3924 igitur
1491 3852 1576 3908 annis
1604 3857 1642 3910 22
1658 3857 1689 3909 et
1710 3855 1835 3908 mortuus

158 3962 204 4002 sas
218 3944 320 4017 patrica
342 3939 519 3998 munitiones
534 3935 677 3994 machinis
692 3935 827 3992 omnibus
846 3937 970 3994 armisve
1021 3943 1073 3995 est.
1088 3939 1307 4008 Quodeluucto,
1326 3939 1479 3998 Meruvious
1500 3939 1537 3998 ad
1552 3943 1724 4014 regendum
1753 3954 1838 4013 popu·

160 4032 278 4090 muniri.
290 4031 396 4104 Vulgus
412 4028 535 4101 insuper
550 4025 726 4091 universum,
744 4023 824 4096 quasi
839 4041 903 4098 spes
917 4041 968 4098 pa·
1018 4028 1080 4084 lum
1090 4027 1217 4100 eligitur,
1229 4031 1257 4082 et
1268 4027 1297 4082 in
1310 4027 1413 4082 cadem
1426 4027 1646 4084 Ambianorum
1663 4029 1779 4086 civitate
1793 4041 1835 4080 re-

159 4123 221 4178 triae
232 4120 400 4193 deperisset,
418 4117 518 4173 abdite
529 4130 651 4188 quaeque
668 4112 831 4180 lustrantes,
843 4129 872 4168 se
887 4130 968 4170 suos·
1018 4115 1074 4185 gali
1088 4116 1159 4172 solio
1174 4116 1355 4172 sublimatur.
1371 4116 1524 4173 hlerovicus
1545 4117 1651 4191 itaque
1668 4118 1736 4184 iste,
1752 4135 1770 4173 a
1784 4130 1836 4188 quo
1914 4175 1915 4188 2

159 4227 214 4283 que
229 4210 363 4283 parvulos
377 4207 413 4262 ad
436 4205 582 4262 montium
594 4203 693 4260 abdita
721 4203 921 4272 conterebant,
938 4207 968 4259 et
1018 4206 1047 4257 et
1061 4203 1162 4262 Franci
1175 4203 1412 4276 priusllerovinci
1427 4204 1519 4261 vocati
1537 4210 1621 4274 sunt,
1643 4210 1768 4278 propter
1786 4203 1835 4258 nti·

158 4297 296 4370 undique,
312 4293 440 4352 buccinis
454 4290 966 4365 concrepantibus,itaexpropugua·
1016 4292 1130 4349 litatem
1156 4292 1290 4348 videlicet
1310 4297 1339 4348 et
1364 4293 1552 4366 prudentiam
1567 4295 1662 4364 illius,
1680 4295 1836 4352 intentam

157 4386 228 4442 culis
241 4383 379 4459 oppidani
392 4383 499 4455 quique
514 4385 716 4437 transeuntem
729 4380 871 4452 populum
882 4371 1005 4452 jactisD
1019 4381 1237 4436 venerationem
1250 4381 1328 4454 apud
1342 4381 1466 4437 Francos
1482 4385 1526 4436 est
1550 4383 1686 4452 habitus,
1704 4387 1737 4438 ut
1758 4381 1836 4457 quasi

156 4473 271 4547 spiculis
285 4475 371 4544 atque
385 4470 495 4543 sagittis
511 4469 714 4548 exturbabant,
736 4484 769 4524 ac
781 4467 804 4524 si
819 4467 966 4525 debellan-
1017 4469 1181 4525 communis
1195 4472 1278 4542 pater
1291 4470 1326 4524 ab
1342 4469 1477 4525 omnibus
1492 4471 1655 4531 coleretur.
1675 4473 1727 4528 llic
1740 4471 1837 4546 genuit

156 4563 224 4618 dam
234 4560 416 4635 patriam'eos
424 4558 592 4614 adventasse
601 4555 872 4628 cognovissentsed
884 4573 967 4629 gens,
1019 4556 1225 4625 childericum,
1241 4557 1582 4630 patremClodoveiregis
1601 4559 1838 4616 excellentissimi

156 4667 219 4725 quae
231 4666 291 4707 non
300 4649 337 4705 ad
347 4646 541 4720 pugnam‚sed
554 4645 590 4700 ad
597 4645 823 4700 commeandum
836 4647 965 4701 venerat·
1017 4646 1107 4701 Erant
1119 4648 1216 4701 eutem
1232 4645 1333 4700 Franci
1348 4649 1416 4700 tunc
1425 4645 1553 4715 fanatici,
1570 4647 1740 4706 adorantes
1751 4649 1837 4716 idola,

155 4742 234 4797 recto
248 4731 436 4814 gradiebatur
464 4735 578 4801 itinere,
601 4733 654 4788 nisi
674 4732 749 4790 lorte
777 4732 903 4804 aliquem
918 4750 965 4789 ca·
1016 4737 1045 4788 et
1062 4749 1119 4788 non
1136 4733 1333 4806 agnoscebant
1344 4734 1586 4808 rogemcoeli,qui
1597 4738 1713 4793 creavit
1729 4736 1836 4793 omnia.

154 4828 254 4903 piendi
269 4825 370 4884 cibarii
383 4823 538 4880 necessitas
555 4820 660 4878 alicubi
684 4821 809 4894 pergere
821 4821 962 4895 coegisset.
1014 4821 1140 4877 Mortuus
1165 4820 1253 4894 igitur
1267 4821 1464 4891 hlerovicus,et
1490 4823 1630 4894 regnavit
1660 4824 1840 4882 childericus

155 4915 325 4990 Communis
338 4929 406 4970 vero
431 4910 572 4968 exercitus
586 4909 673 4966 citato
686 4910 758 4967 calle
776 4909 961 4983 gradientes,
1013 4909 1087 4965 lilius
1097 4909 1158 4981 ejus
1169 4927 1223 4983 pro
1237 4925 1282 4966 eo.
1305 4909 1483 4966 childericus
1492 4909 1593 4986 itaque
1615 4928 1671 4968 rex
1683 4929 1753 4969 cum
1767 4895 1839 4969 asset

153 5005 261 5074 absque
270 5001 362 5060 nimio
391 4999 602 5073 impedimento
616 4998 694 5072 ripas
718 4997 812 5056 Rheni
835 4995 963 5056 fluminis
1013 4997 1101 5054 nimis
1127 4997 1299 5067 luxuriosus,
1314 5001 1345 5055 et
1359 5002 1497 5071 regnaret
1510 5015 1600 5073 super
1611 5001 1758 5068 Francos,
1770 5001 1839 5058 illias

153 5093 321 5169 attigerunt.
343 5089 444 5163 lbiquc
456 5088 487 5144 in
500 5089 711 5144 Germanorum
737 5085 850 5160 oppidis
874 5086 961 5144 tlxere
1013 5103 1114 5143 eorum
1127 5087 1267 5143 violenter
1280 5085 1472 5160 opprimebat.
1485 5086 1580 5160 Super
1595 5089 1656 5146 hae
1666 5108 1701 5147 re
1716 5090 1839 5146 nimium

152 5182 290 5250 tentoria,
301 5178 562 5251 habitaveruntque
577 5176 695 5251 pacillce
707 5192 773 5232 cum
785 5174 962 5250 principibus
1012 5175 1208 5250 indignantes,
1224 5174 1286 5249 pari
1297 5175 1416 5232 consilio
1432 5176 1462 5230 et
1476 5175 1643 5248 equalibus
1654 5178 1776 5248 animis,
1792 5178 1840 5234 aut

153 5276 240 5330 terrae
256 5269 344 5328 illius.
364 5267 398 5324 lli
413 5266 630 5341 vero,quiepud
641 5264 832 5323 Sicambriam
846 5281 961 5323 reman·
1011 5265 1225 5340 eumoccidere
1238 5267 1287 5321 ant
1302 5265 1338 5322 de
1349 5280 1441 5338 regno
1468 5266 1616 5339 expellere
1633 5267 1839 5324 decreverunt.

153 5361 264 5429 serunt,
277 5357 437 5415 incolentes
446 5354 579 5412 videlicet
588 5353 961 5429 ripasDanubii,elegerunt
1011 5353 1145 5412 Sentiens
1159 5353 1333 5411 Cbildericus
1357 5353 1508 5409 adversum
1529 5370 1558 5409 se
1570 5354 1763 5413 Francorum
1776 5355 1839 5412 ani·

150 5466 238 5524 super
252 5465 282 5505 se
294 5463 396 5521 regem
409 5446 529 5502 nominc
542 5445 655 5514 Torret,
671 5443 747 5500 unde
760 5445 789 5501 et
803 5447 959 5516 propterca
1014 5460 1078 5501 mos
1092 5445 1331 5510 essecommotos,
1340 5459 1556 5499 aureumunum
1568 5442 1675 5502 divisit
1687 5445 1719 5501 in
1731 5449 1838 5519 partes,

148 5538 230 5596 Torci
245 5535 381 5612 appellati
395 5537 472 5592 suut.
1015 5549 1120 5590 vocans
1134 5534 1170 5590 ad
1183 5549 1213 5589 se
1226 5532 1396 5590 viomadum
1407 5532 1606 5588 consiliarium
1632 5551 1736 5603 suum,
1755 5537 1783 5589 et
1799 5533 1840 5590 ait

184 5627 293 5687 tlodico
306 5626 403 5704 itaque
420 5628 550 5700 tempore
561 5624 670 5700 elapso,
696 5622 839 5680 intrantes
853 5621 954 5680 Franci
1018 5621 1059 5680 illi
1072 5639 1079 5680 r
1092 5643 1106 5674 α
1123 5620 1221 5680 Sentio
1230 5624 1348 5696 gentem
1363 5621 1448 5680 istem
1462 5622 1619 5679 adversum
1652 5639 1704 5680 me
1720 5639 1839 5681 consur·
