3936 6172
136 319 180 375 tri
634 311 680 370 llll
695 309 860 370 CORPORE
881 309 922 368 ET
936 307 1108 370 sibonum
1124 305 1257 368 DDldllil.
1726 307 1777 368 ll8

135 436 215 504 dotes,
227 433 273 508 qui
285 433 343 490 bac
360 429 495 505 amplecti
516 429 679 506 negligunt,
695 432 852 490 infideliter
864 433 915 490 de·
926 440 954 500 Α
969 431 1042 487 rinis
1068 428 1307 503 inspirationibus
1318 425 1468 500 adjuvasti,
1481 427 1645 485 sacerdotes
1669 431 1774 486 cuncto

134 527 269 591 tracturos,
280 523 363 578 credo
377 526 476 578 tamen
492 521 643 595 pluriores,
654 522 702 594 qui
715 522 776 577 haee
785 523 918 578 olinilun-
969 521 1095 592 adjuves,
1106 524 1137 575 ut
1151 520 1257 574 iaciant
1266 518 1366 591 quaein
1378 519 1575 590 lrooopuseulo
1585 519 1647 590 ipse
1654 517 1774 590 jussisti,

135 618 174 668 tur
185 612 300 684 assequi,
315 611 439 666 fideliter
452 613 593 668 oraturos.
610 610 667 666 Sed
684 611 755 666 sicut
767 611 919 668 laceratio·
970 609 1158 666 utoismerito
1171 609 1278 663 tribuas
1289 609 1427 663 coelorum
1436 625 1597 679 regnaque}
1605 606 1773 679 promisisti,
1825 593 1835 604 ’

132 701 204 755 uibus
212 699 437 755 obtrectatorum
450 697 920 771 minimepraegravamursicpro-
970 698 1019 772 qui
1032 716 1097 754 cum
1113 700 1233 754 Patroet
1247 696 1474 767 l'iliounigenito
1490 697 1519 751 in
1532 696 1658 751 trinitate
1672 696 1774 751 etuni-

131 789 253 844 batorum
268 787 395 842 virorum
409 785 588 842 orationibus
602 786 918 860 adjuvamur.rlgojam
969 790 1028 843 tate
1044 787 1111 842 viris
1126 790 1155 842 et
1169 802 1274 858 regnas
1291 787 1365 842 Deus
1381 801 1433 858 pei·
1452 784 1552 842 omnia
1567 785 1670 843 saecula
1685 802 1774 842 soeou·

132 892 208 942 nunc,
222 874 380 931 sanctificus
394 874 527 946 Spiritus,
540 873 589 946 qui
600 890 652 929 nos
667 873 697 930 in
712 873 862 948 bocopere
872 876 918 932 di·
970 878 1078 932 lorum.
1092 877 1197 931 almon.

1509 1003 1771 1024 m-

736 1146 1153 1258 libabant!

867 1360 1028 1402 rosmodam

545 1500 981 1671 siriasim
1021 1505 1081 1690 rr
1121 1502 1358 1632 Parra

812 1741 1094 1828 LIBELLUS

309 1962 402 2066 DE
437 1958 774 2067 CORPORE
811 1959 901 2064 ET
937 1956 1297 2064 SANGUINE
1331 1957 1593 2066 DOMINI

129 2155 187 2216 Sero
198 2153 341 2216 anctore·
351 2156 507 2226 primam
528 2153 710 2213 restitutas
719 2166 765 2212 een
779 2153 853 2216 eod,
869 2152 1084 2211 celeberrimi
1099 2147 1304 2212 monasterti
1318 2150 1557 2211 Gottmieensts
1571 2151 1609 2208 in
1622 2148 1778 2223 austrie,

298 2237 375 2295 ord.
391 2235 428 2297 S.
450 2235 572 2294 amen.
596 2248 618 2294 a
644 2236 684 2294 R.
699 2235 740 2292 D.
754 2235 796 2292 P.
812 2232 1023 2304 Hieronymo
1035 2234 1151 2303 Peste,
1164 2233 1382 2292 Benedictino
1395 2232 1591 2290 Mettieensi.

258 2377 359 2454 (Apud
373 2379 407 2433 R.
423 2379 455 2434 P.
472 2377 652 2435 bernardum
666 2375 793 2446 Pezium,
810 2375 962 2432 Thesaurus
974 2375 1105 2432 Anecdot.
1118 2379 1227 2446 novae,
1242 2374 1315 2434 tomi
1329 2377 1340 2431 1
1354 2377 1436 2452 parto
1451 2374 1547 2445 1r,ool.
1566 2371 1636 2446 131.)

629 2679 680 2765 R.
718 2679 769 2766 Ρ.
810 2676 962 2765 PEZII
988 2676 1274 2776 MONITUM.

576 2831 744 2906 (Dissertatio
760 2833 899 2905 isepogica
913 2833 941 2887 in
957 2832 1049 2892 tomi.
1068 2833 1196 2903 Tbesanr,
1207 2833 1324 2907 Aneed.)

159 3099 269 3157 Dudum
280 3098 341 3154 hoc
351 3098 521 3172 opusculum
535 3100 676 3171 tanquam
690 3101 830 3172 anonymi
841 3101 951 3157 editum
965 3101 1020 3157 luit
1033 3101 1187 3158 aberudilo
1197 3097 1782 3172 viroCellotio,decujusgeuuiaoaucloro

131 3176 234 3228 acturus
246 3170 432 3226 doctissimus
451 3171 629 3226 llabillonius
644 3171 673 3226 in
695 3173 873 3242 prelationis
894 3173 996 3228 Saeculi
1019 3173 1063 3228 lV.
1081 3172 1187 3228 Beued.
1205 3177 1286 3244 parte
1299 3175 1400 3238 altera,
1417 3175 1431 3241 ξ
1448 3176 1475 3238 3,
1488 3173 1529 3228 ita
1543 3171 1656 3228 disserit
1671 3189 1678 3228 :
1692 3194 1706 3220 α
1722 3171 1780 3226 Etsi

129 3259 280 3314 anonymus
292 3242 348 3298 iste
361 3242 480 3314 ingenio
496 3243 584 3314 plane
602 3243 740 3298 mediocri
757 3247 785 3298 et
798 3243 905 3314 vulgari
921 3244 1085 3300 eruditione
1095 3244 1232 3316 praeditus
1245 3244 1340 3311 luerit,
1357 3243 1508 3299 fatendum
1523 3247 1677 3299 esttamen
1692 3242 1699 3297 i
1705 3243 1781 3316 psius

129 3313 321 3370 lestimonium
339 3329 398 3368 non
414 3329 517 3437 garum
531 3316 627 3369 valere
639 3315 677 3368 ad
691 3315 874 3369 illustrandas
889 3316 985 3370 saeculi
1001 3316 1068 3370 noni
1091 3333 1123 3370 ac
1138 3314 1244 3369 decimi
1258 3315 1477 3382 controversias,
1494 3315 1620 3369 maxime
1635 3313 1657 3368 si
1672 3315 1775 3368 soeculo

131 3385 242 3455 decimo,
259 3383 413 3456 atquibus
434 3401 481 3438 am
496 3385 586 3440 visum
603 3389 655 3448 est,
669 3402 736 3440 eum
747 3385 1173 3442 virisseconstet.Auctorenim
1188 3387 1252 3453 iste,
1267 3386 1315 3458 qui
1326 3389 1495 3458 Anonymus
1508 3385 1682 3442 Cellotirmus
1693 3386 1778 3455 vulgo

130 3458 287 3528 appellatur,
296 3456 537 3526 proptereaquod
546 3456 701 3511 aberudito
709 3458 828 3512 Collatio
839 3459 970 3539 vulgatus
980 3459 1106 3528 primum
1116 3458 1364 3528 estinAppendice
1373 3458 1410 3512 ad
1422 3458 1575 3512 Historiam
1583 3455 1773 3523 Gotbescalci,

130 3531 241 3598 quatuor
246 3527 435 3599 potissimum
444 3526 527 3581 docet
536 3528 570 3582 de
579 3527 828 3584 hiscontroversiis
840 3546 846 3583 :
856 3530 984 3583 Primum
993 3529 1342 3596 llabanumlloguntinum
1350 3529 1775 3602 arelriepiscopum,etRatram·

131 3615 193 3652 num
208 3599 261 3654 seri
286 3599 357 3652 sisse
370 3597 504 3652 adversus
517 3599 659 3654 Paschasii
673 3600 861 3664 sententiam,
871 3602 1033 3666 asserentis,
1044 3600 1343 3656 inEucbaristiaidem
1352 3617 1411 3655 esse
1420 3617 1523 3673 corpus
1538 3599 1614 3671 quod
1628 3601 1727 3654 natum
1738 3607 1780 3654 est

132 3669 247 3725 dellaria
277 3667 470 3740 irgine,quod
482 3668 570 3724 etiam
582 3673 747 3742 bnonynms
758 3672 810 3725 isto
820 3671 986 3741 impugnat,
998 3672 1167 3738 secundum,
1177 3671 1419 3727 Stercorariorum
1431 3674 1562 3726 auetrrres
1577 3687 1636 3725 esse
1651 3669 1777 3726 lleribal-

132 3739 192 3795 dum
205 3740 487 3796 antissiodorensem
499 3740 677 3812 episcopum,
692 3740 811 3813 quirem
824 3743 945 3812 turpiter
959 3743 1108 3815 proposuit
1123 3744 1252 3810 llabano,
1273 3747 1301 3797 et
1316 3743 1465 3798 Rabanum
1482 3743 1587 3814 ipsum,
1603 3741 1652 3813 qui
1669 3741 1779 3811 turpius

133 3813 239 3867 muniit
253 3817 284 3866 et
298 3810 465 3882 turpissime
476 3812 623 3866 conclusit.
641 3811 717 3876 Quos
727 3813 814 3867 etiam
825 3817 925 3867 auctor
940 3813 1066 3868 refutare
1080 3818 1216 3874 conatur:
1230 3813 1360 3880 tertium,
1374 3812 1777 3870 hoccommeutumrevixisse

132 3884 250 3955 tempore
259 3883 352 3954 ipsius
363 3882 519 3954 Anorrymi;
527 3887 741 3954 quartum,vere
749 3883 960 3954 Christicorpus
970 3884 1588 3955 etsauguinemnihilominusiuEucharistia
1597 3883 1749 3938 contineri.
1761 3902 1777 3934 s

133 3953 223 4010 Subdit
235 3951 421 4010 liabillonius
433 3969 439 4005 :
452 3975 465 4002 a
478 3954 542 4008 llaec
553 3954 654 4025 quanti
669 3955 810 4009 momenti
827 3955 893 4022 sint,
903 3971 1055 4010 remonon
1065 3957 1142 4012 videt
1155 3974 1162 4025 ;
1179 3973 1211 4010 ac
1223 3957 1343 4026 proinde
1351 3956 1466 4026 aliquod
1478 3971 1572 4026 operae
1582 3954 1778 4025 pretiumlore

134 4026 218 4094 putari
231 4027 265 4088 si,
283 4027 443 4094 autequam
460 4040 545 4095 agam
560 4025 596 4080 de
612 4025 753 4080 Paschasii
767 4025 944 4092 adversariis,
959 4027 1043 4096 hujus
1051 4027 1197 4099 Anonymi
1210 4043 1328 4082 nomem
1335 4027 1526 4098 aetatemque(
1530 4024 1608 4096 quod
1621 4028 1777 4094 utrumque

134 4095 862 4170 apudstudiososcorrlrorersum)signis1cem.„Tum
876 4113 957 4152 num.
970 4099 1090 4161 aretis,
1100 4115 1157 4169 qua
1168 4098 1350 4168 eorrjocturis‚
1364 4113 1421 4167 qua
1434 4095 1646 4150 Genrblacensis
1658 4093 1776 4163 codicis,

135 4167 173 4235 qui
186 4167 415 4238 quingentorum
431 4183 576 4222 annorum
592 4167 638 4234 sit,
651 4167 708 4221 lide
720 4167 855 4232 ostendit,
867 4168 1037 4232 lleriaerum
1049 4169 1183 4223 abbatem
1193 4167 1381 4223 Laubiensem
1391 4167 1453 4222 libri
1465 4165 1615 4222 Cellotiani
1630 4167 1778 4220 auctorem

135 4236 488 4306 essessuadiligentissinm
497 4237 703 4308 perquisitione
716 4243 856 4309 quantum
865 4239 917 4294 sibi
928 4239 1106 4294 lllabillnnius
1115 4239 1190 4310 apud
1199 4255 1301 4294 omnes
1314 4239 1413 4293 doctos
1422 4238 1496 4293 viros
1506 4238 1675 4308 applausum
1684 4237 1777 4292 correi-

134 4307 243 4376 liarerit,
259 4311 347 4378 vulgo
362 4307 545 4362 notissimum
558 4312 610 4363 ce.
621 4311 671 4364 Ast
686 4326 869 4381 nequaquam
882 4311 976 4365 omnis
988 4327 1034 4364 ros
1046 4311 1235 4365 conlectacst.
1254 4310 1317 4365 Sive
1332 4310 1410 4365 enim
1420 4309 1574 4364 llalrillunii
1588 4308 1776 4376 conjecturas,

135 4376 182 4432 sire
191 4380 291 4436 citatos
302 4379 416 4433 codices
428 4379 624 4451 respiciamus,
635 4397 716 4461 aeque
725 4380 808 4435 nobis
820 4381 906 4435 sortia
916 4381 945 4437 in
960 4381 1138 4436 eontrarium
1147 4383 1320 4452 argumenta
1332 4381 1570 4436 occurruntNam
1584 4379 1620 4433 ad
1634 4379 1778 4462 illasquod

136 4450 237 4512 attinet,
252 4451 384 4506 latemur
399 4467 432 4504 ex
448 4449 581 4504 Chronici
593 4450 758 4505 Laubrensis
773 4452 984 4518 continuatore,
1001 4452 1152 4523 sigeberto
1172 4453 1380 4518 Gemblacensi,
1395 4455 1424 4506 et
1437 4451 1561 4506 Gerardo
1578 4449 1660 4506 Silvae
1668 4450 1781 4521 Maporis

136 4519 227 4576 abbate
241 4526 356 4576 eertum
373 4538 443 4587 esse,
458 4521 494 4576 ab
505 4521 641 4590 llerigero
653 4522 804 4577 laubiensi
819 4523 924 4577 abbate
933 4539 1005 4594 opus
1020 4525 1166 4594 quoddam
1178 4524 1219 4577 De
1233 4540 1339 4594 corpore
1351 4531 1376 4578 et
1390 4525 1519 4592 sanquine
1533 4521 1648 4576 Domini
1659 4535 1777 4590 compo-

135 4589 210 4644 situm
225 4593 324 4648 luisse.
341 4593 446 4646 Verum
461 4609 527 4647 cum
543 4591 571 4646 id
584 4593 726 4648 Gerardus
737 4593 982 4664 abbasEpistolum
996 4596 1142 4666 quomdam
1156 4594 1274 4650 disserte
1294 4598 1449 4664 nuncupet,
1466 4594 1496 4648 in
1510 4596 1665 4664 Anonymo
1681 4597 1779 4647 aulem

137 4660 286 4718 Collatiano
304 4665 415 4718 nullum
454 4664 547 4718 enitus
562 4665 688 4736 epistolae
704 4665 856 4734 vestigium
880 4667 1123 4736 deprehendatur,
1141 4683 1225 4721 eausa
1240 4666 1319 4720 nulla
1335 4669 1378 4720 est
1393 4682 1443 4720 eur
1457 4667 1627 4737 opusculum
1642 4663 1779 4735 Herigero

137 4732 272 4790 tribuatur.
287 4737 376 4790 Porro
387 4681 479 4789 coeiiei
499 4734 708 4800 Gemblacensi‚
725 4735 773 4806 qui
790 4752 898 4790 nomen
911 4736 1020 4805 Brisari
1043 4740 1179 4805 ostentat,
1194 4737 1368 4809 opponimus
1383 4736 1512 4806 ejusdem
1525 4736 1618 4790 artatis
1635 4734 1779 4806 insignem

138 4803 254 4859 codicem
264 4805 494 4869 Guttuicensem,
510 4807 539 4860 in
561 4821 617 4877 quo
635 4809 742 4877 praeter
765 4805 861 4860 librum
876 4806 1023 4862 Rntrcmni
1033 4807 1074 4863 De
1086 4825 1159 4878 corp,
1184 4807 1294 4863 Domini
1310 4807 1453 4876 Anonymi
1467 4807 1577 4863 libellus
1592 4806 1644 4860 sub
1658 4805 1782 4860 Gerberti

138 4875 254 4944 nomine,
269 4877 360 4931 minio
377 4877 590 4932 distinctissime
606 4877 729 4948 aprima
744 4893 834 4931 manu
848 4877 936 4948 picto,
953 4883 1111 4950 comparet.
1121 4881 1154 4933 Et
1165 4895 1232 4933 vero
1245 4877 1488 4934 nullidubitanrus
1500 4876 1629 4950 quinviri
1640 4875 1781 4931 eruditiin

139 4949 254 5020 nostram
271 4947 468 5029 potiusquam
485 4948 514 5002 in
533 4947 686 5004 liabillonii
703 4947 877 5002 senteutiam
893 4950 1054 5004 coracessuii
1065 4950 1136 5004 siut.
1156 4949 1209 5014 Qui
1225 4951 1396 5005 audaculum
1404 4951 1508 5020 stylum
1520 4948 1650 5003 Gerberti
1665 4948 1782 5019 ejusque

138 5017 275 5086 ingenium
285 5019 440 5074 dialecticis
448 5021 476 5073 ei
485 5019 696 5074 mathematicis
707 5019 863 5088 disciplinis
873 5020 1016 5075 imbutum
1030 5025 1147 5088 norunt,
1158 5020 1245 5076 etiam
1255 5020 1277 5074 si
1291 5022 1384 5076 nullus
1394 5021 1483 5075 codor
1498 5020 1714 5090 suffragaretur,
1736 5017 1778 5072 eis

141 5087 229 5142 eadem
241 5089 363 5160 suspicio
375 5091 418 5144 vel
434 5107 465 5143 ex
477 5090 537 5161 ipso
552 5091 687 5162 opusculo
703 5094 797 5160 posset
811 5089 947 5145 incidere.
965 5091 995 5145 ld
1010 5093 1185 5161 quodetiam
1199 5092 1228 5145 in
1243 5093 1354 5148 causas
1375 5092 1396 5146 it
1409 5091 1486 5162 rpuod
1496 5091 1624 5146 Gerberti
1640 5088 1784 5145 libelloDe

140 5171 234 5226 corpore
248 5164 412 5232 etsonpuine
431 5161 550 5222 Domini,
573 5179 639 5216 nior
656 5160 732 5214 aliud
752 5161 883 5231 ejusdem
908 5164 1076 5286 ufarseulum
1093 5163 1124 5217 de
1137 5163 1277 5218 Iletiomrli
1302 5170 1326 5216 et
1341 5111 1455 5216 lintione
1470 5166 1510 5216 uti
1522 5179 1554 5217 cx
1578 5155 1784 5232 Tepornseonsi

140 5234 328 5285 sexcentorum
340 5249 484 5286 annorum
497 5231 595 5286 codiee
605 5232 847 5301 sulrjunxerimus,
860 5249 917 5304 quo
948 5234 1001 5287 etsi
1010 5235 1045 5289 dc
1059 5235 1312 5288 solerismomonti
1326 5235 1465 5298 videatur,
1478 5234 1513 5288 ad
1522 5232 1674 5287 serendum
1685 5237 1785 5286 tamen

141 5296 170 5350 de
184 5315 239 5379 uno
252 5301 398 5374 utriusque
413 5302 541 5374 opusculi
557 5307 673 5358 auctore
693 5303 834 5370 judicium
851 5320 991 5375 perquam
1011 5306 1199 5360 commodum
1217 5310 1269 5360 cst.
1291 5307 1370 5360 Idem
1390 5305 1418 5359 ln
1436 5308 1557 5376 utroque
1569 5305 1667 5374 stylus,
1683 5303 1786 5358 eadem

142 5366 253 5426 brevitas
275 5375 305 5426 et
321 5374 351 5428 in
374 5373 547 5442 disputando
563 5374 749 5442 confidentia,
766 5375 842 5429 idem
860 5375 1009 5430 dialectiea
1033 5378 1181 5431 schemata
1196 5377 1326 5432 struendi
1343 5377 1508 5440 artificium,
1525 5383 1580 5432 ele.
1600 5375 1669 5438 Qum
1682 5375 1704 5428 si
1720 5387 1786 5426 cum

143 5437 323 5498 Galinieensis
338 5443 444 5499 codicis
459 5443 515 5500 lide
532 5446 757 5516 conjungantur,
780 5446 823 5500 vix
838 5445 925 5501 ‹lnlno
940 5448 1036 5501 lorum
1052 5449 1219 5518 relinquunt
1232 5448 1301 5518 quin
1321 5447 1465 5519 germaines
1484 5445 1635 5502 Cellolimri
1659 5439 1786 5515 oprrsrull

145 5515 233 5566 suelor
247 5515 409 5582 Gerbrrlus,
426 5515 474 5587 qui
494 5505 596 5570 sacnti
612 5513 724 5571 alecimo
746 5517 917 5572 cruditionis
941 5518 1025 5572 laudo
1049 5519 1102 5572 sibi
1124 5519 1202 5574 viam
1218 5521 1254 5574 ad
1274 5521 1438 5576 llomanum
1459 5517 1660 5591 pontiilratmu
1675 5511 1786 5580 stravit,

146 5595 318 5656 nequaquam
329 5605 394 5642 raro
411 5588 573 5659 llerigerus,
591 5587 756 5644 Loubionsis
767 5588 797 5643 in
812 5589 909 5661 ltelgio
921 5589 1089 5646 niuriasterii
1099 5591 1189 5646 abbas
1199 5591 1244 5646 sit.
