<?xml version="1.0" encoding="UTF-8"?>
<!DOCTYPE html PUBLIC "-//W3C//DTD XHTML 1.0 Transitional//EN"
    "http://www.w3.org/TR/xhtml1/DTD/xhtml1-transitional.dtd">
<html xmlns="http://www.w3.org/1999/xhtml" xml:lang="en" lang="en">
 <head>
  <title>
</title>
<meta http-equiv="Content-Type" content="text/html;charset=utf-8" />
  <meta name='ocr-system' content='tesseract 3.04.00' />
  <meta name='ocr-capabilities' content='ocr_page ocr_carea ocr_par ocr_line ocrx_word'/>
</head>
<body>
  <div class='ocr_page' id='page_1' title='image "./patrologiaecurs96unkngoog/patrologiaecurs96unkngoog_0266.png"; bbox 0 0 3882 6170; ppageno 0'>
   <div class='ocr_carea' id='block_1_1' title="bbox 231 277 1844 400">
    <p class='ocr_par' dir='ltr' id='par_1_1' title="bbox 231 277 1844 400">
     <span class='ocr_line' id='line_1_1' title="bbox 231 277 1844 400; baseline 0.012 -22"><span class='ocrx_word' id='word_1_1' title='bbox 231 277 283 386; x_wconf 77' lang='grc' dir='ltr'><strong>ιἰι</strong></span> <span class='ocrx_word' id='word_1_2' title='bbox 746 319 777 382; x_wconf 88' lang='lat' dir='ltr'><strong>s.</strong></span> <span class='ocrx_word' id='word_1_3' title='bbox 791 321 939 384; x_wconf 76' lang='lat' dir='ltr'><strong>araone</strong></span> <span class='ocrx_word' id='word_1_4' title='bbox 958 321 1103 383; x_wconf 73' lang='lat' dir='ltr'><strong>temris</strong></span> <span class='ocrx_word' id='word_1_5' title='bbox 1126 323 1374 387; x_wconf 81' lang='lat' dir='ltr'><strong>aconnmnsrs</strong></span> <span class='ocrx_word' id='word_1_6' title='bbox 1802 341 1844 400; x_wconf 80' lang='grc' dir='ltr'><strong>ιιι</strong></span> 
     </span>
    </p>
   </div>
   <div class='ocr_carea' id='block_1_2' title="bbox 220 447 1860 3996">
    <p class='ocr_par' dir='ltr' id='par_1_2' title="bbox 220 447 1860 3996">
     <span class='ocr_line' id='line_1_2' title="bbox 240 447 1845 529; baseline 0.006 -19"><span class='ocrx_word' id='word_1_7' title='bbox 240 455 243 461; x_wconf 72' lang='grc'>“</span> <span class='ocrx_word' id='word_1_8' title='bbox 269 449 486 525; x_wconf 81' lang='lat' dir='ltr'><strong>omnipotentia</strong></span> <span class='ocrx_word' id='word_1_9' title='bbox 501 448 603 507; x_wconf 77' lang='lat' dir='ltr'><strong>divine</strong></span> <span class='ocrx_word' id='word_1_10' title='bbox 626 447 795 522; x_wconf 84' lang='lat' dir='ltr'><strong>majestatis,</strong></span> <span class='ocrx_word' id='word_1_11' title='bbox 811 465 876 523; x_wconf 79' lang='lat' dir='ltr'><strong>qua</strong></span> <span class='ocrx_word' id='word_1_12' title='bbox 899 453 1071 522; x_wconf 74' lang='lat' dir='ltr'><strong>temporaA</strong></span> <span class='ocrx_word' id='word_1_13' title='bbox 1085 453 1159 509; x_wconf 91' lang='lat' dir='ltr'><strong>sicut</strong></span> <span class='ocrx_word' id='word_1_14' title='bbox 1172 453 1291 528; x_wconf 86' lang='lat' dir='ltr'><strong>quidam</strong></span> <span class='ocrx_word' id='word_1_15' title='bbox 1306 457 1416 525; x_wconf 80' lang='lat' dir='ltr'><strong>volunt,</strong></span> <span class='ocrx_word' id='word_1_16' title='bbox 1430 454 1478 529; x_wconf 92' lang='lat' dir='ltr'><strong>qui</strong></span> <span class='ocrx_word' id='word_1_17' title='bbox 1493 457 1594 528; x_wconf 89' lang='lat' dir='ltr'><strong>putant</strong></span> <span class='ocrx_word' id='word_1_18' title='bbox 1608 473 1639 514; x_wconf 86' lang='lat' dir='ltr'><strong>aa</strong></span> <span class='ocrx_word' id='word_1_19' title='bbox 1652 458 1760 518; x_wconf 77' lang='lat' dir='ltr'><strong>derivari</strong></span> <span class='ocrx_word' id='word_1_20' title='bbox 1773 479 1845 520; x_wconf 84' lang='lat' dir='ltr'><strong>arer-</strong></span> 
     </span>
     <span class='ocr_line' id='line_1_3' title="bbox 230 539 1845 625; baseline 0.004 -24"><span class='ocrx_word' id='word_1_21' title='bbox 230 547 325 602; x_wconf 87' lang='lat' dir='ltr'><strong>mutat</strong></span> <span class='ocrx_word' id='word_1_22' title='bbox 339 546 368 599; x_wconf 89' lang='lat' dir='ltr'><strong>et</strong></span> <span class='ocrx_word' id='word_1_23' title='bbox 380 541 506 608; x_wconf 89' lang='lat' dir='ltr'><strong>ordinat,</strong></span> <span class='ocrx_word' id='word_1_24' title='bbox 520 539 611 595; x_wconf 88' lang='lat' dir='ltr'><strong>meab</strong></span> <span class='ocrx_word' id='word_1_25' title='bbox 626 539 739 595; x_wconf 81' lang='lat' dir='ltr'><strong>ineunti</strong></span> <span class='ocrx_word' id='word_1_26' title='bbox 749 543 934 611; x_wconf 66' lang='lat' dir='ltr'><strong>aetnteprnnt</strong></span> <span class='ocrx_word' id='word_1_27' title='bbox 944 540 1034 595; x_wconf 89' lang='lat' dir='ltr'><strong>voluit</strong></span> <span class='ocrx_word' id='word_1_28' title='bbox 1085 543 1128 598; x_wconf 93' lang='lat' dir='ltr'><strong>bis</strong></span> <span class='ocrx_word' id='word_1_29' title='bbox 1143 545 1275 599; x_wconf 77' lang='lat' dir='ltr'><strong>secunda</strong></span> <span class='ocrx_word' id='word_1_30' title='bbox 1291 545 1513 618; x_wconf 85' lang='lat' dir='ltr'><strong>coujugationis,</strong></span> <span class='ocrx_word' id='word_1_31' title='bbox 1528 563 1545 600; x_wconf 86' lang='lat' dir='ltr'><strong>a</strong></span> <span class='ocrx_word' id='word_1_32' title='bbox 1559 549 1676 604; x_wconf 89' lang='lat' dir='ltr'><strong>secunda</strong></span> <span class='ocrx_word' id='word_1_33' title='bbox 1689 549 1781 606; x_wconf 87' lang='lat' dir='ltr'><strong>scilicet</strong></span> <span class='ocrx_word' id='word_1_34' title='bbox 1793 570 1845 625; x_wconf 87' lang='lat' dir='ltr'><strong>per-</strong></span> 
     </span>
     <span class='ocr_line' id='line_1_4' title="bbox 230 627 1845 707; baseline 0.002 -17"><span class='ocrx_word' id='word_1_35' title='bbox 230 632 419 690; x_wconf 83' lang='lat' dir='ltr'><strong>multifariam</strong></span> <span class='ocrx_word' id='word_1_36' title='bbox 431 627 563 685; x_wconf 88' lang='lat' dir='ltr'><strong>etmultis</strong></span> <span class='ocrx_word' id='word_1_37' title='bbox 574 627 667 684; x_wconf 89' lang='lat' dir='ltr'><strong>modis</strong></span> <span class='ocrx_word' id='word_1_38' title='bbox 675 627 780 683; x_wconf 86' lang='lat' dir='ltr'><strong>tentari</strong></span> <span class='ocrx_word' id='word_1_39' title='bbox 791 627 1032 699; x_wconf 89' lang='lat' dir='ltr'><strong>permisit,quoad</strong></span> <span class='ocrx_word' id='word_1_40' title='bbox 1083 648 1153 688; x_wconf 89' lang='lat' dir='ltr'><strong>sona</strong></span> <span class='ocrx_word' id='word_1_41' title='bbox 1169 633 1328 703; x_wconf 79' lang='lat' dir='ltr'>imperativi</span> <span class='ocrx_word' id='word_1_42' title='bbox 1349 635 1428 690; x_wconf 94' lang='lat' dir='ltr'><strong>modi</strong></span> <span class='ocrx_word' id='word_1_43' title='bbox 1444 651 1509 706; x_wconf 83' lang='lat' dir='ltr'><strong>quae</strong></span> <span class='ocrx_word' id='word_1_44' title='bbox 1533 639 1574 689; x_wconf 87' lang='lat' dir='ltr'><strong>est</strong></span> <span class='ocrx_word' id='word_1_45' title='bbox 1588 637 1725 707; x_wconf 84' lang='lat' dir='ltr'><strong>producta,</strong></span> <span class='ocrx_word' id='word_1_46' title='bbox 1738 643 1766 693; x_wconf 94' lang='lat' dir='ltr'><strong>ut</strong></span> <span class='ocrx_word' id='word_1_47' title='bbox 1776 647 1845 706; x_wconf 80' lang='lat' dir='ltr'><strong>teneo,</strong></span> 
     </span>
     <span class='ocr_line' id='line_1_5' title="bbox 226 716 1847 795; baseline -0.005 -17"><span class='ocrx_word' id='word_1_48' title='bbox 226 721 361 795; x_wconf 79' lang='lat' dir='ltr'><strong>juvenilis</strong></span> <span class='ocrx_word' id='word_1_49' title='bbox 370 719 463 775; x_wconf 77' lang='lat' dir='ltr'><strong>aetatis</strong></span> <span class='ocrx_word' id='word_1_50' title='bbox 473 718 561 774; x_wconf 90' lang='lat' dir='ltr'><strong>robur</strong></span> <span class='ocrx_word' id='word_1_51' title='bbox 571 716 790 772; x_wconf 74' lang='lat' dir='ltr'>adversitatibus</span> <span class='ocrx_word' id='word_1_52' title='bbox 799 716 1031 783; x_wconf 87' lang='lat' dir='ltr'><strong>assuesceret,cui</strong></span> <span class='ocrx_word' id='word_1_53' title='bbox 1083 728 1165 785; x_wconf 85' lang='lat' dir='ltr'><strong>tenes,</strong></span> <span class='ocrx_word' id='word_1_54' title='bbox 1179 729 1246 785; x_wconf 86' lang='lat' dir='ltr'><strong>tene,</strong></span> <span class='ocrx_word' id='word_1_55' title='bbox 1263 721 1383 789; x_wconf 81' lang='lat' dir='ltr'><strong>tenebrae,</strong></span> <span class='ocrx_word' id='word_1_56' title='bbox 1398 723 1475 790; x_wconf 81' lang='lat' dir='ltr'><strong>lateo,</strong></span> <span class='ocrx_word' id='word_1_57' title='bbox 1487 722 1559 791; x_wconf 84' lang='lat' dir='ltr'><strong>lates,</strong></span> <span class='ocrx_word' id='word_1_58' title='bbox 1575 723 1633 794; x_wconf 84' lang='lat' dir='ltr'><strong>late,</strong></span> <span class='ocrx_word' id='word_1_59' title='bbox 1645 724 1750 781; x_wconf 65' lang='lat' dir='ltr'><strong>latebra,</strong></span> <span class='ocrx_word' id='word_1_60' title='bbox 1761 729 1847 782; x_wconf 61' lang='lat' dir='ltr'><strong>accan.</strong></span> 
     </span>
     <span class='ocr_line' id='line_1_6' title="bbox 230 804 1846 884; baseline -0.004 -17"><span class='ocrx_word' id='word_1_61' title='bbox 230 812 266 867; x_wconf 90' lang='lat' dir='ltr'><strong>nd</strong></span> <span class='ocrx_word' id='word_1_62' title='bbox 280 810 428 865; x_wconf 93' lang='lat' dir='ltr'><strong>cumulum</strong></span> <span class='ocrx_word' id='word_1_63' title='bbox 445 805 557 862; x_wconf 89' lang='lat' dir='ltr'><strong>virtutis</strong></span> <span class='ocrx_word' id='word_1_64' title='bbox 569 805 688 860; x_wconf 90' lang='lat' dir='ltr'><strong>tandem</strong></span> <span class='ocrx_word' id='word_1_65' title='bbox 705 809 898 859; x_wconf 76' lang='lat' dir='ltr'><strong>succresceret</strong></span> <span class='ocrx_word' id='word_1_66' title='bbox 912 804 1033 862; x_wconf 84' lang='lat' dir='ltr'><strong>intortu·</strong></span> <span class='ocrx_word' id='word_1_67' title='bbox 1083 813 1127 864; x_wconf 91' lang='lat' dir='ltr'><strong>tus</strong></span> <span class='ocrx_word' id='word_1_68' title='bbox 1142 809 1229 881; x_wconf 84' lang='lat' dir='ltr'><strong>igitur</strong></span> <span class='ocrx_word' id='word_1_69' title='bbox 1244 811 1516 884; x_wconf 87' lang='lat' dir='ltr'><strong>antepenultimam</strong></span> <span class='ocrx_word' id='word_1_70' title='bbox 1527 813 1846 871; x_wconf 68' lang='lat' dir='ltr'><strong>nonmutatur,sioetiam</strong></span> 
     </span>
     <span class='ocr_line' id='line_1_7' title="bbox 229 892 1846 972; baseline 0.001 -16"><span class='ocrx_word' id='word_1_71' title='bbox 229 901 310 957; x_wconf 90' lang='lat' dir='ltr'><strong>nium</strong></span> <span class='ocrx_word' id='word_1_72' title='bbox 321 899 424 955; x_wconf 85' lang='lat' dir='ltr'><strong>oblatae</strong></span> <span class='ocrx_word' id='word_1_73' title='bbox 431 894 682 970; x_wconf 83' lang='lat' dir='ltr'><strong>peregrinationis.</strong></span> <span class='ocrx_word' id='word_1_74' title='bbox 693 892 786 958; x_wconf 85' lang='lat' dir='ltr'><strong>Quam</strong></span> <span class='ocrx_word' id='word_1_75' title='bbox 793 893 845 948; x_wconf 92' lang='lat' dir='ltr'><strong>etsi</strong></span> <span class='ocrx_word' id='word_1_76' title='bbox 855 894 931 950; x_wconf 86' lang='lat' dir='ltr'><strong>inter</strong></span> <span class='ocrx_word' id='word_1_77' title='bbox 939 896 1031 950; x_wconf 86' lang='lat' dir='ltr'><strong>tetre·</strong></span> <span class='ocrx_word' id='word_1_78' title='bbox 1083 915 1100 953; x_wconf 81' lang='lat' dir='ltr'><strong>a</strong></span> <span class='ocrx_word' id='word_1_79' title='bbox 1114 899 1206 953; x_wconf 85' lang='lat' dir='ltr'><strong>verbis</strong></span> <span class='ocrx_word' id='word_1_80' title='bbox 1218 900 1320 972; x_wconf 73' lang='lat' dir='ltr'><strong>primae</strong></span> <span class='ocrx_word' id='word_1_81' title='bbox 1335 899 1546 971; x_wconf 71' lang='lat' dir='ltr'>conjugationis</span> <span class='ocrx_word' id='word_1_82' title='bbox 1561 899 1699 956; x_wconf 84' lang='lat' dir='ltr'><strong>aestimant</strong></span> <span class='ocrx_word' id='word_1_83' title='bbox 1708 902 1772 970; x_wconf 85' lang='lat' dir='ltr'><strong>lieri,</strong></span> <span class='ocrx_word' id='word_1_84' title='bbox 1786 902 1846 971; x_wconf 83' lang='lat' dir='ltr'><strong>lano,</strong></span> 
     </span>
     <span class='ocr_line' id='line_1_8' title="bbox 228 981 1850 1061; baseline 0.001 -16"><span class='ocrx_word' id='word_1_85' title='bbox 228 989 338 1061; x_wconf 84' lang='lat' dir='ltr'><strong>ligiosae</strong></span> <span class='ocrx_word' id='word_1_86' title='bbox 352 987 417 1042; x_wconf 81' lang='lat' dir='ltr'><strong>vitae</strong></span> <span class='ocrx_word' id='word_1_87' title='bbox 432 985 517 1051; x_wconf 76' lang='lat' dir='ltr'><strong>siros,</strong></span> <span class='ocrx_word' id='word_1_88' title='bbox 542 985 600 1039; x_wconf 87' lang='lat' dir='ltr'><strong>Deo</strong></span> <span class='ocrx_word' id='word_1_89' title='bbox 626 984 753 1049; x_wconf 88' lang='lat' dir='ltr'><strong>auctore,</strong></span> <span class='ocrx_word' id='word_1_90' title='bbox 770 981 896 1053; x_wconf 86' lang='lat' dir='ltr'><strong>periero,</strong></span> <span class='ocrx_word' id='word_1_91' title='bbox 912 983 960 1054; x_wconf 95' lang='lat' dir='ltr'><strong>qui</strong></span> <span class='ocrx_word' id='word_1_92' title='bbox 984 999 1032 1038; x_wconf 87' lang='lat' dir='ltr'><strong>me</strong></span> <span class='ocrx_word' id='word_1_93' title='bbox 1083 985 1164 1054; x_wconf 84' lang='grc' dir='ltr'>ἱιιυιιι,</span> <span class='ocrx_word' id='word_1_94' title='bbox 1179 987 1249 1054; x_wconf 83' lang='grc' dir='ltr'>Ιαια,</span> <span class='ocrx_word' id='word_1_95' title='bbox 1274 988 1420 1056; x_wconf 81' lang='lat' dir='ltr'><strong><em>lavacrum,</em></strong></span> <span class='ocrx_word' id='word_1_96' title='bbox 1444 996 1578 1056; x_wconf 81' lang='lat' dir='ltr'><strong><em>aratrum,</em></strong></span> <span class='ocrx_word' id='word_1_97' title='bbox 1601 989 1778 1054; x_wconf 62' lang='lat' dir='ltr'><strong>ventilabrum</strong></span> <span class='ocrx_word' id='word_1_98' title='bbox 1796 995 1850 1046; x_wconf 88' lang='lat' dir='ltr'><strong>eta</strong></span> 
     </span>
     <span class='ocr_line' id='line_1_9' title="bbox 229 1069 1848 1152; baseline 0.003 -24"><span class='ocrx_word' id='word_1_99' title='bbox 229 1077 310 1152; x_wconf 82' lang='lat' dir='ltr'><strong>quasi</strong></span> <span class='ocrx_word' id='word_1_100' title='bbox 324 1075 432 1147; x_wconf 83' lang='lat' dir='ltr'><strong>seipsos</strong></span> <span class='ocrx_word' id='word_1_101' title='bbox 447 1073 580 1144; x_wconf 84' lang='lat' dir='ltr'><strong>diligunt,</strong></span> <span class='ocrx_word' id='word_1_102' title='bbox 594 1073 624 1125; x_wconf 94' lang='lat' dir='ltr'><strong>ut</strong></span> <span class='ocrx_word' id='word_1_103' title='bbox 640 1069 702 1142; x_wconf 89' lang='lat' dir='ltr'><strong>ipsa</strong></span> <span class='ocrx_word' id='word_1_104' title='bbox 716 1087 747 1125; x_wconf 90' lang='lat' dir='ltr'><strong>re</strong></span> <span class='ocrx_word' id='word_1_105' title='bbox 761 1069 883 1141; x_wconf 86' lang='lat' dir='ltr'><strong>conjicio</strong></span> <span class='ocrx_word' id='word_1_106' title='bbox 896 1087 903 1140; x_wconf 92' lang='lat'>;</span> <span class='ocrx_word' id='word_1_107' title='bbox 918 1087 976 1125; x_wconf 90' lang='lat' dir='ltr'><strong>non</strong></span> <span class='ocrx_word' id='word_1_108' title='bbox 988 1074 1031 1125; x_wconf 86' lang='lat' dir='ltr'><strong>ta·</strong></span> <span class='ocrx_word' id='word_1_109' title='bbox 1081 1074 1167 1130; x_wconf 86' lang='lat' dir='ltr'><strong>tertia</strong></span> <span class='ocrx_word' id='word_1_110' title='bbox 1181 1076 1386 1146; x_wconf 86' lang='lat' dir='ltr'><strong>conjugatione</strong></span> <span class='ocrx_word' id='word_1_111' title='bbox 1394 1076 1532 1144; x_wconf 83' lang='lat' dir='ltr'><strong>teretrum,</strong></span> <span class='ocrx_word' id='word_1_112' title='bbox 1542 1079 1571 1131; x_wconf 90' lang='lat' dir='ltr'><strong>et</strong></span> <span class='ocrx_word' id='word_1_113' title='bbox 1583 1076 1604 1131; x_wconf 89' lang='lat' dir='ltr'><strong>si</strong></span> <span class='ocrx_word' id='word_1_114' title='bbox 1617 1093 1670 1149; x_wconf 92' lang='lat' dir='ltr'><strong>qua</strong></span> <span class='ocrx_word' id='word_1_115' title='bbox 1682 1081 1742 1133; x_wconf 91' lang='lat' dir='ltr'><strong>sunt</strong></span> <span class='ocrx_word' id='word_1_116' title='bbox 1752 1078 1848 1134; x_wconf 65' lang='lat' dir='ltr'><strong>similias</strong></span> 
     </span>
     <span class='ocr_line' id='line_1_10' title="bbox 229 1159 1851 1238; baseline -0.004 -15"><span class='ocrx_word' id='word_1_117' title='bbox 229 1183 298 1222; x_wconf 88' lang='lat' dir='ltr'><strong>men</strong></span> <span class='ocrx_word' id='word_1_118' title='bbox 313 1164 370 1220; x_wconf 81' lang='lat' dir='ltr'><strong>voti</strong></span> <span class='ocrx_word' id='word_1_119' title='bbox 387 1163 493 1234; x_wconf 89' lang='lat' dir='ltr'><strong>impos,</strong></span> <span class='ocrx_word' id='word_1_120' title='bbox 508 1159 570 1216; x_wconf 87' lang='lat' dir='ltr'><strong>sine</strong></span> <span class='ocrx_word' id='word_1_121' title='bbox 587 1159 686 1215; x_wconf 90' lang='lat' dir='ltr'><strong>dolore</strong></span> <span class='ocrx_word' id='word_1_122' title='bbox 701 1159 847 1214; x_wconf 85' lang='lat' dir='ltr'><strong>recordari</strong></span> <span class='ocrx_word' id='word_1_123' title='bbox 860 1159 1032 1231; x_wconf 86' lang='lat' dir='ltr'><strong>valeo,quod</strong></span> <span class='ocrx_word' id='word_1_124' title='bbox 1082 1163 1244 1236; x_wconf 70' lang='lat' dir='ltr'><strong>quinetiam</strong></span> <span class='ocrx_word' id='word_1_125' title='bbox 1257 1166 1364 1238; x_wconf 84' lang='lat' dir='ltr'><strong>absque</strong></span> <span class='ocrx_word' id='word_1_126' title='bbox 1378 1166 1435 1220; x_wconf 90' lang='lat' dir='ltr'><strong>ulla</strong></span> <span class='ocrx_word' id='word_1_127' title='bbox 1451 1166 1562 1238; x_wconf 77' lang='lat' dir='ltr'><strong>regula,</strong></span> <span class='ocrx_word' id='word_1_128' title='bbox 1583 1181 1631 1220; x_wconf 90' lang='lat' dir='ltr'><strong>seu</strong></span> <span class='ocrx_word' id='word_1_129' title='bbox 1645 1165 1735 1221; x_wconf 81' lang='lat' dir='ltr'><strong>Greca</strong></span> <span class='ocrx_word' id='word_1_130' title='bbox 1747 1165 1797 1221; x_wconf 89' lang='lat' dir='ltr'><strong>sint</strong></span> <span class='ocrx_word' id='word_1_131' title='bbox 1811 1183 1851 1221; x_wconf 87' lang='lat' dir='ltr'><strong>seu</strong></span> 
     </span>
     <span class='ocr_line' id='line_1_11' title="bbox 229 1247 1852 1325; baseline -0.001 -14"><span class='ocrx_word' id='word_1_132' title='bbox 229 1254 305 1311; x_wconf 91' lang='lat' dir='ltr'><strong>itlius</strong></span> <span class='ocrx_word' id='word_1_133' title='bbox 317 1253 376 1310; x_wconf 91' lang='lat' dir='ltr'><strong>mei</strong></span> <span class='ocrx_word' id='word_1_134' title='bbox 392 1249 527 1324; x_wconf 89' lang='lat' dir='ltr'><strong>spiritalis</strong></span> <span class='ocrx_word' id='word_1_135' title='bbox 537 1248 648 1303; x_wconf 87' lang='lat' dir='ltr'><strong>alumni</strong></span> <span class='ocrx_word' id='word_1_136' title='bbox 660 1248 690 1302; x_wconf 93' lang='lat' dir='ltr'><strong>in</strong></span> <span class='ocrx_word' id='word_1_137' title='bbox 699 1247 919 1319; x_wconf 72' lang='lat' dir='ltr'><strong>presentiarum</strong></span> <span class='ocrx_word' id='word_1_138' title='bbox 930 1263 1031 1320; x_wconf 88' lang='lat' dir='ltr'><strong>corpo·</strong></span> <span class='ocrx_word' id='word_1_139' title='bbox 1083 1252 1192 1320; x_wconf 89' lang='lat' dir='ltr'><strong>Latina,</strong></span> <span class='ocrx_word' id='word_1_140' title='bbox 1204 1254 1308 1309; x_wconf 89' lang='lat' dir='ltr'><strong>eodem</strong></span> <span class='ocrx_word' id='word_1_141' title='bbox 1324 1254 1412 1310; x_wconf 89' lang='lat' dir='ltr'><strong>modo</strong></span> <span class='ocrx_word' id='word_1_142' title='bbox 1426 1253 1624 1325; x_wconf 88' lang='lat' dir='ltr'><strong>pronuntiant,</strong></span> <span class='ocrx_word' id='word_1_143' title='bbox 1638 1256 1668 1308; x_wconf 90' lang='lat' dir='ltr'><strong>ut</strong></span> <span class='ocrx_word' id='word_1_144' title='bbox 1681 1255 1810 1323; x_wconf 73' lang='lat' dir='ltr'><strong>theatrum,</strong></span> <span class='ocrx_word' id='word_1_145' title='bbox 1821 1257 1852 1325; x_wconf 72' lang='lat' dir='ltr'><strong>[a</strong></span> 
     </span>
     <span class='ocr_line' id='line_1_12' title="bbox 229 1335 1854 1415; baseline -0.004 -17"><span class='ocrx_word' id='word_1_146' title='bbox 229 1343 282 1398; x_wconf 84' lang='lat' dir='ltr'><strong>reli</strong></span> <span class='ocrx_word' id='word_1_147' title='bbox 293 1340 445 1415; x_wconf 87' lang='lat' dir='ltr'><strong>praesentia</strong></span> <span class='ocrx_word' id='word_1_148' title='bbox 454 1337 576 1393; x_wconf 92' lang='lat' dir='ltr'><strong>minime</strong></span> <span class='ocrx_word' id='word_1_149' title='bbox 588 1336 798 1409; x_wconf 82' lang='lat' dir='ltr'><strong>perfruor‚quae</strong></span> <span class='ocrx_word' id='word_1_150' title='bbox 808 1335 963 1407; x_wconf 87' lang='lat' dir='ltr'><strong>aliquando</strong></span> <span class='ocrx_word' id='word_1_151' title='bbox 971 1352 1034 1407; x_wconf 92' lang='lat' dir='ltr'><strong>per·</strong></span> <span class='ocrx_word' id='word_1_152' title='bbox 1082 1347 1192 1410; x_wconf 84' lang='lat' dir='ltr'><strong>retrum,</strong></span> <span class='ocrx_word' id='word_1_153' title='bbox 1209 1343 1346 1413; x_wconf 82' lang='lat' dir='ltr'><strong>ptaretrn,</strong></span> <span class='ocrx_word' id='word_1_154' title='bbox 1370 1343 1505 1399; x_wconf 81' lang='lat' dir='ltr'><strong>catliedra.</strong></span> <span class='ocrx_word' id='word_1_155' title='bbox 1528 1341 1656 1407; x_wconf 85' lang='lat' dir='ltr'><strong>Quorum</strong></span> <span class='ocrx_word' id='word_1_156' title='bbox 1674 1343 1793 1398; x_wconf 74' lang='lat' dir='ltr'><strong>omnium</strong></span> <span class='ocrx_word' id='word_1_157' title='bbox 1814 1360 1854 1398; x_wconf 71' lang='lat' dir='ltr'><strong>na</strong></span> 
     </span>
     <span class='ocr_line' id='line_1_13' title="bbox 230 1423 1853 1503; baseline -0.002 -16"><span class='ocrx_word' id='word_1_158' title='bbox 230 1430 337 1487; x_wconf 77' lang='lat' dir='ltr'><strong>fruenti</strong></span> <span class='ocrx_word' id='word_1_159' title='bbox 348 1425 672 1498; x_wconf 81' lang='lat' dir='ltr'><strong>eratvitaipsadulcior.</strong></span> <span class='ocrx_word' id='word_1_160' title='bbox 684 1425 767 1479; x_wconf 88' lang='lat' dir='ltr'><strong>Nunc</strong></span> <span class='ocrx_word' id='word_1_161' title='bbox 777 1423 846 1496; x_wconf 87' lang='lat' dir='ltr'><strong>quia</strong></span> <span class='ocrx_word' id='word_1_162' title='bbox 857 1424 899 1479; x_wconf 90' lang='lat' dir='ltr'><strong>ita</strong></span> <span class='ocrx_word' id='word_1_163' title='bbox 910 1424 1034 1495; x_wconf 84' lang='lat' dir='ltr'><strong>contigit</strong></span> <span class='ocrx_word' id='word_1_164' title='bbox 1083 1431 1197 1485; x_wconf 92' lang='lat' dir='ltr'><strong>minum</strong></span> <span class='ocrx_word' id='word_1_165' title='bbox 1212 1434 1241 1485; x_wconf 90' lang='lat' dir='ltr'><strong>et</strong></span> <span class='ocrx_word' id='word_1_166' title='bbox 1256 1431 1435 1503; x_wconf 86' lang='lat' dir='ltr'><strong>reliquorum</strong></span> <span class='ocrx_word' id='word_1_167' title='bbox 1448 1431 1598 1498; x_wconf 89' lang='lat' dir='ltr'><strong>similium,</strong></span> <span class='ocrx_word' id='word_1_168' title='bbox 1614 1431 1635 1486; x_wconf 88' lang='lat' dir='ltr'><strong>si</strong></span> <span class='ocrx_word' id='word_1_169' title='bbox 1651 1430 1802 1502; x_wconf 80' lang='lat' dir='ltr'><strong>penultima</strong></span> <span class='ocrx_word' id='word_1_170' title='bbox 1812 1448 1853 1484; x_wconf 89' lang='lat' dir='ltr'><strong>na·</strong></span> 
     </span>
     <span class='ocr_line' id='line_1_14' title="bbox 231 1511 1856 1593; baseline -0.002 -17"><span class='ocrx_word' id='word_1_171' title='bbox 231 1537 284 1593; x_wconf 86' lang='lat' dir='ltr'><strong>per</strong></span> <span class='ocrx_word' id='word_1_172' title='bbox 296 1515 501 1582; x_wconf 89' lang='lat' dir='ltr'><strong>obedientiam,</strong></span> <span class='ocrx_word' id='word_1_173' title='bbox 511 1531 575 1586; x_wconf 82' lang='lat' dir='ltr'><strong>quae</strong></span> <span class='ocrx_word' id='word_1_174' title='bbox 592 1512 750 1569; x_wconf 90' lang='lat' dir='ltr'><strong>meliorest</strong></span> <span class='ocrx_word' id='word_1_175' title='bbox 763 1511 897 1580; x_wconf 68' lang='lat' dir='ltr'><strong>victimis</strong></span> <span class='ocrx_word' id='word_1_176' title='bbox 912 1529 971 1568; x_wconf 92' lang='lat' dir='ltr'><strong>non</strong></span> <span class='ocrx_word' id='word_1_177' title='bbox 987 1529 1032 1568; x_wconf 93' lang='lat' dir='ltr'><strong>so·</strong></span> <span class='ocrx_word' id='word_1_178' title='bbox 1082 1522 1148 1574; x_wconf 85' lang='lat' dir='ltr'><strong>ture</strong></span> <span class='ocrx_word' id='word_1_179' title='bbox 1161 1521 1255 1591; x_wconf 75' lang='lat' dir='ltr'><strong>longae</strong></span> <span class='ocrx_word' id='word_1_180' title='bbox 1270 1523 1346 1588; x_wconf 92' lang='lat' dir='ltr'><strong>sunt,</strong></span> <span class='ocrx_word' id='word_1_181' title='bbox 1365 1536 1417 1575; x_wconf 91' lang='lat' dir='ltr'><strong>nec</strong></span> <span class='ocrx_word' id='word_1_182' title='bbox 1431 1520 1518 1575; x_wconf 86' lang='lat' dir='ltr'><strong>etiarn</strong></span> <span class='ocrx_word' id='word_1_183' title='bbox 1534 1521 1563 1575; x_wconf 93' lang='lat' dir='ltr'><strong>in</strong></span> <span class='ocrx_word' id='word_1_184' title='bbox 1577 1523 1667 1574; x_wconf 87' lang='lat' dir='ltr'><strong>metro</strong></span> <span class='ocrx_word' id='word_1_185' title='bbox 1681 1519 1795 1574; x_wconf 84' lang='lat' dir='ltr'><strong>breviari</strong></span> <span class='ocrx_word' id='word_1_186' title='bbox 1806 1533 1856 1588; x_wconf 86' lang='lat' dir='ltr'><strong>pos-</strong></span> 
     </span>
     <span class='ocr_line' id='line_1_15' title="bbox 231 1601 1854 1679; baseline -0.004 -14"><span class='ocrx_word' id='word_1_187' title='bbox 231 1611 292 1666; x_wconf 93' lang='lat' dir='ltr'><strong>lum</strong></span> <span class='ocrx_word' id='word_1_188' title='bbox 306 1608 430 1664; x_wconf 77' lang='lat' dir='ltr'><strong>fratrum</strong></span> <span class='ocrx_word' id='word_1_189' title='bbox 443 1621 509 1660; x_wconf 91' lang='lat' dir='ltr'><strong>cum</strong></span> <span class='ocrx_word' id='word_1_190' title='bbox 519 1602 621 1676; x_wconf 92' lang='lat' dir='ltr'><strong>quibus</strong></span> <span class='ocrx_word' id='word_1_191' title='bbox 638 1617 740 1657; x_wconf 90' lang='lat' dir='ltr'><strong>moror</strong></span> <span class='ocrx_word' id='word_1_192' title='bbox 752 1601 882 1672; x_wconf 89' lang='lat' dir='ltr'><strong>imperiis</strong></span> <span class='ocrx_word' id='word_1_193' title='bbox 890 1601 1033 1657; x_wconf 88' lang='lat' dir='ltr'><strong>deservire</strong></span> <span class='ocrx_word' id='word_1_194' title='bbox 1082 1609 1158 1661; x_wconf 91' lang='lat' dir='ltr'><strong>sunt.</strong></span> <span class='ocrx_word' id='word_1_195' title='bbox 1173 1607 1229 1662; x_wconf 83' lang='lat' dir='ltr'><strong>Sed</strong></span> <span class='ocrx_word' id='word_1_196' title='bbox 1242 1611 1313 1663; x_wconf 88' lang='lat' dir='ltr'><strong>teste</strong></span> <span class='ocrx_word' id='word_1_197' title='bbox 1328 1608 1440 1663; x_wconf 89' lang='lat' dir='ltr'><strong>Donato</strong></span> <span class='ocrx_word' id='word_1_198' title='bbox 1456 1607 1559 1662; x_wconf 85' lang='lat' dir='ltr'><strong>falsum</strong></span> <span class='ocrx_word' id='word_1_199' title='bbox 1577 1607 1704 1679; x_wconf 87' lang='lat' dir='ltr'><strong>estquod</strong></span> <span class='ocrx_word' id='word_1_200' title='bbox 1717 1606 1835 1678; x_wconf 84' lang='lat' dir='ltr'><strong>precedit</strong></span> <span class='ocrx_word' id='word_1_201' title='bbox 1848 1623 1854 1672; x_wconf 82' lang='lat'>3</span> 
     </span>
     <span class='ocr_line' id='line_1_16' title="bbox 231 1690 1856 1771; baseline -0.004 -17"><span class='ocrx_word' id='word_1_202' title='bbox 231 1697 333 1771; x_wconf 82' lang='lat' dir='ltr'><strong>gestio,</strong></span> <span class='ocrx_word' id='word_1_203' title='bbox 349 1693 550 1750; x_wconf 80' lang='lat' dir='ltr'><strong>verumetiam</strong></span> <span class='ocrx_word' id='word_1_204' title='bbox 564 1692 725 1764; x_wconf 88' lang='lat' dir='ltr'><strong>quibusque</strong></span> <span class='ocrx_word' id='word_1_205' title='bbox 739 1691 824 1762; x_wconf 88' lang='lat' dir='ltr'><strong>hujus</strong></span> <span class='ocrx_word' id='word_1_206' title='bbox 837 1690 939 1746; x_wconf 79' lang='lat' dir='ltr'><strong>insulae</strong></span> <span class='ocrx_word' id='word_1_207' title='bbox 949 1691 1033 1761; x_wconf 81' lang='lat' dir='ltr'><strong>juxta</strong></span> <span class='ocrx_word' id='word_1_208' title='bbox 1082 1695 1186 1751; x_wconf 83' lang='lat' dir='ltr'><strong>falsum</strong></span> <span class='ocrx_word' id='word_1_209' title='bbox 1203 1713 1273 1768; x_wconf 80' lang='lat' dir='ltr'><strong>ergo</strong></span> <span class='ocrx_word' id='word_1_210' title='bbox 1295 1700 1338 1751; x_wconf 88' lang='lat' dir='ltr'><strong>est</strong></span> <span class='ocrx_word' id='word_1_211' title='bbox 1353 1699 1382 1751; x_wconf 89' lang='lat' dir='ltr'><strong>et</strong></span> <span class='ocrx_word' id='word_1_212' title='bbox 1392 1696 1471 1768; x_wconf 92' lang='lat' dir='ltr'><strong>quod</strong></span> <span class='ocrx_word' id='word_1_213' title='bbox 1484 1696 1624 1768; x_wconf 87' lang='lat' dir='ltr'><strong>sequitur.</strong></span> <span class='ocrx_word' id='word_1_214' title='bbox 1642 1696 1689 1750; x_wconf 86' lang='lat' dir='ltr'><strong>llla</strong></span> <span class='ocrx_word' id='word_1_215' title='bbox 1702 1711 1764 1750; x_wconf 81' lang='lat' dir='ltr'><strong>vero</strong></span> <span class='ocrx_word' id='word_1_216' title='bbox 1778 1695 1816 1747; x_wconf 86' lang='lat' dir='ltr'><strong>bis</strong></span> <span class='ocrx_word' id='word_1_217' title='bbox 1828 1693 1856 1747; x_wconf 85' lang='lat' dir='ltr'><strong>si-</strong></span> 
     </span>
     <span class='ocr_line' id='line_1_17' title="bbox 231 1775 1855 1857; baseline -0.006 -13"><span class='ocrx_word' id='word_1_218' title='bbox 231 1786 383 1844; x_wconf 90' lang='lat' dir='ltr'><strong>mndulum</strong></span> <span class='ocrx_word' id='word_1_219' title='bbox 396 1799 468 1838; x_wconf 77' lang='lat' dir='ltr'><strong>mese</strong></span> <span class='ocrx_word' id='word_1_220' title='bbox 479 1779 627 1854; x_wconf 81' lang='lat' dir='ltr'><strong>parvitatis</strong></span> <span class='ocrx_word' id='word_1_221' title='bbox 647 1779 779 1834; x_wconf 90' lang='lat' dir='ltr'><strong>desidero</strong></span> <span class='ocrx_word' id='word_1_222' title='bbox 795 1780 943 1851; x_wconf 83' lang='lat' dir='ltr'><strong>prodesse,</strong></span> <span class='ocrx_word' id='word_1_223' title='bbox 959 1795 1031 1852; x_wconf 91' lang='lat' dir='ltr'><strong>quo·</strong></span> <span class='ocrx_word' id='word_1_224' title='bbox 1047 1775 1163 1840; x_wconf 90' lang='lat' dir='ltr'><strong>Bmilia</strong></span> <span class='ocrx_word' id='word_1_225' title='bbox 1175 1801 1239 1857; x_wconf 82' lang='lat' dir='ltr'><strong>qua</strong></span> <span class='ocrx_word' id='word_1_226' title='bbox 1254 1801 1307 1857; x_wconf 88' lang='lat' dir='ltr'><strong>per</strong></span> <span class='ocrx_word' id='word_1_227' title='bbox 1320 1800 1477 1857; x_wconf 90' lang='lat' dir='ltr'><strong>syncopam</strong></span> <span class='ocrx_word' id='word_1_228' title='bbox 1496 1784 1624 1856; x_wconf 87' lang='lat' dir='ltr'><strong>perdunt</strong></span> <span class='ocrx_word' id='word_1_229' title='bbox 1637 1799 1722 1838; x_wconf 88' lang='lat' dir='ltr'><strong>unam</strong></span> <span class='ocrx_word' id='word_1_230' title='bbox 1738 1782 1855 1846; x_wconf 83' lang='lat' dir='ltr'><strong>litteram,</strong></span> 
     </span>
     <span class='ocr_line' id='line_1_18' title="bbox 230 1867 1858 1946; baseline -0.004 -16"><span class='ocrx_word' id='word_1_231' title='bbox 230 1875 379 1932; x_wconf 90' lang='lat' dir='ltr'><strong>niamnou</strong></span> <span class='ocrx_word' id='word_1_232' title='bbox 394 1870 455 1927; x_wconf 92' lang='lat' dir='ltr'><strong>sine</strong></span> <span class='ocrx_word' id='word_1_233' title='bbox 470 1869 567 1925; x_wconf 80' lang='lat' dir='ltr'><strong>divino</strong></span> <span class='ocrx_word' id='word_1_234' title='bbox 581 1869 692 1924; x_wconf 89' lang='lat' dir='ltr'><strong>constat</strong></span> <span class='ocrx_word' id='word_1_235' title='bbox 703 1867 906 1924; x_wconf 88' lang='lat' dir='ltr'><strong>moderamine</strong></span> <span class='ocrx_word' id='word_1_236' title='bbox 917 1873 1031 1940; x_wconf 77' lang='lat' dir='ltr'><strong>gestum</strong></span> <span class='ocrx_word' id='word_1_237' title='bbox 1081 1889 1196 1946; x_wconf 82' lang='lat' dir='ltr'><strong>semper</strong></span> <span class='ocrx_word' id='word_1_238' title='bbox 1206 1877 1331 1944; x_wconf 87' lang='lat' dir='ltr'><strong>servant,</strong></span> <span class='ocrx_word' id='word_1_239' title='bbox 1344 1877 1415 1929; x_wconf 88' lang='lat' dir='ltr'><strong>teste</strong></span> <span class='ocrx_word' id='word_1_240' title='bbox 1435 1873 1585 1942; x_wconf 84' lang='lat' dir='ltr'><strong>Mart-iano,</strong></span> <span class='ocrx_word' id='word_1_241' title='bbox 1606 1873 1635 1928; x_wconf 91' lang='lat' dir='ltr'><strong>iu</strong></span> <span class='ocrx_word' id='word_1_242' title='bbox 1658 1872 1753 1927; x_wconf 89' lang='lat' dir='ltr'><strong>eadem</strong></span> <span class='ocrx_word' id='word_1_243' title='bbox 1769 1871 1858 1941; x_wconf 83' lang='lat' dir='ltr'><strong>syllaba</strong></span> 
     </span>
     <span class='ocr_line' id='line_1_19' title="bbox 231 1955 1857 2038; baseline -0.006 -18"><span class='ocrx_word' id='word_1_244' title='bbox 231 1963 320 2038; x_wconf 88' lang='lat' dir='ltr'><strong>quod,</strong></span> <span class='ocrx_word' id='word_1_245' title='bbox 339 1960 445 2016; x_wconf 90' lang='lat' dir='ltr'><strong>sedatis</strong></span> <span class='ocrx_word' id='word_1_246' title='bbox 455 1957 588 2014; x_wconf 86' lang='lat' dir='ltr'><strong>fluctibus</strong></span> <span class='ocrx_word' id='word_1_247' title='bbox 601 1955 721 2012; x_wconf 79' lang='lat' dir='ltr'><strong>marinae</strong></span> <span class='ocrx_word' id='word_1_248' title='bbox 738 1955 928 2029; x_wconf 83' lang='lat' dir='ltr'><strong>tempestatis,</strong></span> <span class='ocrx_word' id='word_1_249' title='bbox 951 1956 1032 2012; x_wconf 85' lang='lat' dir='ltr'><strong>adid</strong></span> <span class='ocrx_word' id='word_1_250' title='bbox 1082 1965 1234 2020; x_wconf 85' lang='lat' dir='ltr'><strong>accentum</strong></span> <span class='ocrx_word' id='word_1_251' title='bbox 1250 1981 1337 2036; x_wconf 90' lang='lat' dir='ltr'><strong>quem</strong></span> <span class='ocrx_word' id='word_1_252' title='bbox 1353 1964 1431 2036; x_wconf 90' lang='lat' dir='ltr'><strong>prius</strong></span> <span class='ocrx_word' id='word_1_253' title='bbox 1442 1963 1616 2026; x_wconf 87' lang='lat' dir='ltr'><strong>habuerant,</strong></span> <span class='ocrx_word' id='word_1_254' title='bbox 1626 1961 1857 2032; x_wconf 70' lang='lat' dir='ltr'><strong>utmonipalnspna-</strong></span> 
     </span>
     <span class='ocr_line' id='line_1_20' title="bbox 230 2043 1860 2124; baseline -0.011 -15"><span class='ocrx_word' id='word_1_255' title='bbox 230 2050 333 2109; x_wconf 83' lang='lat' dir='ltr'><strong>dereni</strong></span> <span class='ocrx_word' id='word_1_256' title='bbox 356 2048 445 2105; x_wconf 80' lang='lat' dir='ltr'><strong>exsilii</strong></span> <span class='ocrx_word' id='word_1_257' title='bbox 474 2063 540 2104; x_wconf 91' lang='lat' dir='ltr'><strong>cum</strong></span> <span class='ocrx_word' id='word_1_258' title='bbox 566 2046 641 2101; x_wconf 88' lang='lat' dir='ltr'><strong>mira</strong></span> <span class='ocrx_word' id='word_1_259' title='bbox 656 2043 864 2117; x_wconf 89' lang='lat' dir='ltr'><strong>tranquillitate</strong></span> <span class='ocrx_word' id='word_1_260' title='bbox 884 2049 945 2102; x_wconf 88' lang='lat' dir='ltr'><strong>tam</strong></span> <span class='ocrx_word' id='word_1_261' title='bbox 961 2045 1031 2101; x_wconf 90' lang='lat' dir='ltr'><strong>vasti</strong></span> <span class='ocrx_word' id='word_1_262' title='bbox 1082 2048 1860 2124; x_wconf 46' lang='lat' dir='ltr'><strong>utplus,senatulumfflenaplum,Deniquedehisquaea</strong></span> 
     </span>
     <span class='ocr_line' id='line_1_21' title="bbox 229 2133 1859 2214; baseline -0.01 -10"><span class='ocrx_word' id='word_1_263' title='bbox 229 2140 372 2214; x_wconf 69' lang='lat' dir='ltr'><strong>oequ⁰r583</strong></span> <span class='ocrx_word' id='word_1_264' title='bbox 388 2137 436 2193; x_wconf 77' lang='lat' dir='ltr'><strong>ubi</strong></span> <span class='ocrx_word' id='word_1_265' title='bbox 453 2136 523 2192; x_wconf 75' lang='lat' dir='ltr'><strong>dum</strong></span> <span class='ocrx_word' id='word_1_266' title='bbox 540 2134 713 2208; x_wconf 70' lang='lat' dir='ltr'><strong>quibusdam</strong></span> <span class='ocrx_word' id='word_1_267' title='bbox 729 2133 892 2189; x_wconf 72' lang='lat' dir='ltr'><strong>Sludissrum</strong></span> <span class='ocrx_word' id='word_1_268' title='bbox 909 2149 1030 2206; x_wconf 70' lang='lat' dir='ltr'><strong>occupa·</strong></span> <span class='ocrx_word' id='word_1_269' title='bbox 1082 2141 1248 2197; x_wconf 89' lang='lat' dir='ltr'><strong>nominibus</strong></span> <span class='ocrx_word' id='word_1_270' title='bbox 1263 2141 1347 2209; x_wconf 88' lang='lat' dir='ltr'><strong>liunt,</strong></span> <span class='ocrx_word' id='word_1_271' title='bbox 1360 2143 1513 2196; x_wconf 89' lang='lat' dir='ltr'><strong>auctorest</strong></span> <span class='ocrx_word' id='word_1_272' title='bbox 1525 2139 1685 2196; x_wconf 86' lang='lat' dir='ltr'><strong>Priscianus</strong></span> <span class='ocrx_word' id='word_1_273' title='bbox 1696 2137 1767 2210; x_wconf 86' lang='lat' dir='ltr'><strong>quod</strong></span> <span class='ocrx_word' id='word_1_274' title='bbox 1781 2135 1859 2190; x_wconf 90' lang='lat' dir='ltr'><strong>nomi-</strong></span> 
     </span>
     <span class='ocr_line' id='line_1_22' title="bbox 229 2220 1859 2302; baseline -0.012 -17"><span class='ocrx_word' id='word_1_275' title='bbox 229 2228 355 2285; x_wconf 90' lang='lat' dir='ltr'><strong>tionibus</strong></span> <span class='ocrx_word' id='word_1_276' title='bbox 381 2225 523 2291; x_wconf 88' lang='lat' dir='ltr'><strong>detineor,</strong></span> <span class='ocrx_word' id='word_1_277' title='bbox 554 2221 644 2277; x_wconf 86' lang='lat' dir='ltr'><strong>levior</strong></span> <span class='ocrx_word' id='word_1_278' title='bbox 664 2220 701 2276; x_wconf 93' lang='lat' dir='ltr'><strong>sit</strong></span> <span class='ocrx_word' id='word_1_279' title='bbox 725 2220 900 2275; x_wconf 85' lang='lat' dir='ltr'><strong>calamitatis</strong></span> <span class='ocrx_word' id='word_1_280' title='bbox 916 2220 1032 2275; x_wconf 88' lang='lat' dir='ltr'><strong>miseria</strong></span> <span class='ocrx_word' id='word_1_281' title='bbox 1082 2228 1177 2285; x_wconf 70' lang='lat' dir='ltr'><strong>nativo</strong></span> <span class='ocrx_word' id='word_1_282' title='bbox 1201 2229 1338 2302; x_wconf 64' lang='lat' dir='ltr'><strong>primitivi</strong></span> <span class='ocrx_word' id='word_1_283' title='bbox 1355 2229 1511 2301; x_wconf 60' lang='lat' dir='ltr'><strong>aliquando</strong></span> <span class='ocrx_word' id='word_1_284' title='bbox 1527 2227 1631 2283; x_wconf 65' lang='lat' dir='ltr'><strong>upum</strong></span> <span class='ocrx_word' id='word_1_285' title='bbox 1652 2224 1823 2290; x_wconf 53' lang='lat' dir='ltr'><strong>subtrahitur,</strong></span> <span class='ocrx_word' id='word_1_286' title='bbox 1836 2225 1859 2276; x_wconf 67' lang='lat' dir='ltr'><strong>et</strong></span> 
     </span>
     <span class='ocr_line' id='line_1_23' title="bbox 229 2308 1860 2389; baseline -0.01 -9"><span class='ocrx_word' id='word_1_287' title='bbox 229 2332 318 2389; x_wconf 78' lang='lat' dir='ltr'><strong>quam</strong></span> <span class='ocrx_word' id='word_1_288' title='bbox 332 2315 435 2382; x_wconf 81' lang='lat' dir='ltr'><strong>tolero,</strong></span> <span class='ocrx_word' id='word_1_289' title='bbox 454 2309 693 2384; x_wconf 77' lang='lat' dir='ltr'><strong>quandoquidem</strong></span> <span class='ocrx_word' id='word_1_290' title='bbox 712 2308 915 2365; x_wconf 75' lang='lat' dir='ltr'><strong>benevolentia</strong></span> <span class='ocrx_word' id='word_1_291' title='bbox 929 2325 1029 2364; x_wconf 81' lang='lat' dir='ltr'><strong>eorum</strong></span> <span class='ocrx_word' id='word_1_292' title='bbox 1084 2317 1197 2372; x_wconf 75' lang='lat' dir='ltr'><strong>acuitur</strong></span> <span class='ocrx_word' id='word_1_293' title='bbox 1213 2319 1273 2386; x_wconf 76' lang='lat' dir='ltr'><strong>tris,</strong></span> <span class='ocrx_word' id='word_1_294' title='bbox 1288 2323 1318 2373; x_wconf 83' lang='lat' dir='ltr'><strong>ut</strong></span> <span class='ocrx_word' id='word_1_295' title='bbox 1333 2318 1422 2389; x_wconf 81' lang='lat' dir='ltr'><strong>possit</strong></span> <span class='ocrx_word' id='word_1_296' title='bbox 1437 2333 1498 2372; x_wconf 75' lang='lat' dir='ltr'><strong>esse</strong></span> <span class='ocrx_word' id='word_1_297' title='bbox 1515 2316 1623 2388; x_wconf 69' lang='lat' dir='ltr'><strong>mutter,</strong></span> <span class='ocrx_word' id='word_1_298' title='bbox 1640 2314 1778 2378; x_wconf 71' lang='lat' dir='ltr'><strong>mutitare,</strong></span> <span class='ocrx_word' id='word_1_299' title='bbox 1792 2315 1860 2366; x_wconf 76' lang='grc' dir='ltr'>ιιιι-</span> 
     </span>
     <span class='ocr_line' id='line_1_24' title="bbox 228 2397 1859 2480; baseline -0.01 -20"><span class='ocrx_word' id='word_1_300' title='bbox 228 2421 294 2460; x_wconf 87' lang='lat' dir='ltr'><strong>cum</strong></span> <span class='ocrx_word' id='word_1_301' title='bbox 305 2402 408 2475; x_wconf 92' lang='lat' dir='ltr'><strong>quibus</strong></span> <span class='ocrx_word' id='word_1_302' title='bbox 419 2399 519 2456; x_wconf 88' lang='lat' dir='ltr'><strong>habito</strong></span> <span class='ocrx_word' id='word_1_303' title='bbox 528 2397 564 2454; x_wconf 90' lang='lat' dir='ltr'><strong>ad</strong></span> <span class='ocrx_word' id='word_1_304' title='bbox 573 2399 602 2454; x_wconf 90' lang='lat' dir='ltr'><strong>id</strong></span> <span class='ocrx_word' id='word_1_305' title='bbox 616 2414 663 2453; x_wconf 89' lang='lat' dir='ltr'><strong>me</strong></span> <span class='ocrx_word' id='word_1_306' title='bbox 674 2397 822 2470; x_wconf 87' lang='lat' dir='ltr'><strong>compellit</strong></span> <span class='ocrx_word' id='word_1_307' title='bbox 831 2401 861 2452; x_wconf 90' lang='lat' dir='ltr'><strong>ut</strong></span> <span class='ocrx_word' id='word_1_308' title='bbox 871 2399 1030 2452; x_wconf 91' lang='lat' dir='ltr'><strong>uonsolum</strong></span> <span class='ocrx_word' id='word_1_309' title='bbox 1082 2407 1131 2473; x_wconf 65' lang='lat' dir='ltr'><strong>tm,</strong></span> <span class='ocrx_word' id='word_1_310' title='bbox 1147 2406 1274 2475; x_wconf 58' lang='lat' dir='ltr'><strong>salubris,</strong></span> <span class='ocrx_word' id='word_1_311' title='bbox 1284 2405 1456 2480; x_wconf 53' lang='lat' dir='ltr'><strong>quodpiam</strong></span> <span class='ocrx_word' id='word_1_312' title='bbox 1473 2405 1686 2461; x_wconf 62' lang='lat' dir='ltr'><strong>nominativum</strong></span> <span class='ocrx_word' id='word_1_313' title='bbox 1696 2403 1794 2458; x_wconf 48' lang='lat' dir='ltr'><strong>salut&amp;</strong></span> <span class='ocrx_word' id='word_1_314' title='bbox 1804 2416 1859 2472; x_wconf 67' lang='lat' dir='ltr'><strong>pro.</strong></span> 
     </span>
     <span class='ocr_line' id='line_1_25' title="bbox 227 2484 1661 2565; baseline -0.009 -18"><span class='ocrx_word' id='word_1_315' title='bbox 227 2507 281 2564; x_wconf 91' lang='lat' dir='ltr'><strong>pro</strong></span> <span class='ocrx_word' id='word_1_316' title='bbox 295 2506 376 2565; x_wconf 87' lang='lat' dir='ltr'><strong>posse</strong></span> <span class='ocrx_word' id='word_1_317' title='bbox 385 2485 618 2544; x_wconf 85' lang='lat' dir='ltr'><strong>velimlrateruis</strong></span> <span class='ocrx_word' id='word_1_318' title='bbox 627 2484 1029 2553; x_wconf 88' lang='lat' dir='ltr'><strong>necessitatibussuccurrere,</strong></span> <span class='ocrx_word' id='word_1_319' title='bbox 1080 2495 1178 2550; x_wconf 70' lang='lat' dir='ltr'><strong>tulisse</strong></span> <span class='ocrx_word' id='word_1_320' title='bbox 1191 2499 1301 2551; x_wconf 60' lang='lat' dir='ltr'><strong>veteres</strong></span> <span class='ocrx_word' id='word_1_321' title='bbox 1314 2495 1475 2550; x_wconf 62' lang='lat' dir='ltr'><strong>ostenditur</strong></span> <span class='ocrx_word' id='word_1_322' title='bbox 1488 2496 1543 2550; x_wconf 92' lang='lat' dir='ltr'><strong>hoc</strong></span> <span class='ocrx_word' id='word_1_323' title='bbox 1556 2511 1640 2550; x_wconf 56' lang='lat' dir='ltr'><strong>versu</strong></span> <span class='ocrx_word' id='word_1_324' title='bbox 1654 2510 1661 2549; x_wconf 88' lang='lat'>:</span> 
     </span>
     <span class='ocr_line' id='line_1_26' title="bbox 227 2572 1428 2651; baseline -0.008 -15"><span class='ocrx_word' id='word_1_325' title='bbox 227 2579 277 2636; x_wconf 88' lang='lat' dir='ltr'><strong>scd</strong></span> <span class='ocrx_word' id='word_1_326' title='bbox 291 2578 380 2634; x_wconf 87' lang='lat' dir='ltr'><strong>etiam</strong></span> <span class='ocrx_word' id='word_1_327' title='bbox 395 2577 470 2632; x_wconf 92' lang='lat' dir='ltr'><strong>ultra</strong></span> <span class='ocrx_word' id='word_1_328' title='bbox 483 2575 558 2630; x_wconf 83' lang='lat' dir='ltr'><strong>vires</strong></span> <span class='ocrx_word' id='word_1_329' title='bbox 571 2574 652 2629; x_wconf 84' lang='lat' dir='ltr'><strong>velle.</strong></span> <span class='ocrx_word' id='word_1_330' title='bbox 665 2572 941 2638; x_wconf 83' lang='lat' dir='ltr'><strong>Quocircaomnium</strong></span> <span class='ocrx_word' id='word_1_331' title='bbox 953 2575 1030 2646; x_wconf 89' lang='lat' dir='ltr'><strong>apud</strong></span> <span class='ocrx_word' id='word_1_332' title='bbox 1142 2600 1234 2651; x_wconf 82' lang='lat' dir='ltr'><strong>Phoebs</strong></span> <span class='ocrx_word' id='word_1_333' title='bbox 1249 2601 1349 2650; x_wconf 81' lang='lat' dir='ltr'><strong>saluber</strong></span> <span class='ocrx_word' id='word_1_334' title='bbox 1361 2601 1428 2650; x_wconf 55' lang='lat' dir='ltr'><strong>,m</strong></span> 
     </span>
     <span class='ocr_line' id='line_1_27' title="bbox 225 2661 1416 2754; baseline -0.009 -29"><span class='ocrx_word' id='word_1_335' title='bbox 225 2661 1030 2741; x_wconf 79' lang='lat' dir='ltr'><strong>Airglos,ubiubipositorumobjectisresponderedecre·</strong></span> <span class='ocrx_word' id='word_1_336' title='bbox 1080 2697 1160 2754; x_wconf 63' lang='lat' dir='ltr'><strong>Unde</strong></span> <span class='ocrx_word' id='word_1_337' title='bbox 1174 2714 1188 2752; x_wconf 66' lang='lat' dir='ltr'>c</span> <span class='ocrx_word' id='word_1_338' title='bbox 1233 2698 1248 2710; x_wconf 86' lang='lat'><strong>.·</strong></span> <span class='ocrx_word' id='word_1_339' title='bbox 1270 2698 1290 2753; x_wconf 55' lang='grc' dir='ltr'><strong>,ι</strong></span> <span class='ocrx_word' id='word_1_340' title='bbox 1398 2697 1416 2753; x_wconf 68' lang='lat' dir='ltr'><strong>d</strong></span> 
     </span>
     <span class='ocr_line' id='line_1_28' title="bbox 225 2715 1394 2843; baseline -0.007 -30"><span class='ocrx_word' id='word_1_341' title='bbox 225 2750 1029 2830; x_wconf 84' lang='lat' dir='ltr'><strong>vi,quatenushabeatis,cbarissimi,aliquamonimenta</strong></span> <span class='ocrx_word' id='word_1_342' title='bbox 1079 2786 1151 2841; x_wconf 60' lang='lat' dir='ltr'><strong>,ima</strong></span> <span class='ocrx_word' id='word_1_343' title='bbox 1182 2715 1394 2843; x_wconf 36' lang='lat' dir='ltr'><strong>fficcsstllllrrquo</strong></span> 
     </span>
     <span class='ocr_line' id='line_1_29' title="bbox 224 2803 1340 2914; baseline -0.009 -12"><span class='ocrx_word' id='word_1_344' title='bbox 224 2846 310 2902; x_wconf 83' lang='lat' dir='ltr'><strong>vestri</strong></span> <span class='ocrx_word' id='word_1_345' title='bbox 332 2843 445 2912; x_wconf 85' lang='lat' dir='ltr'><strong>exsulis,</strong></span> <span class='ocrx_word' id='word_1_346' title='bbox 470 2841 574 2914; x_wconf 89' lang='lat' dir='ltr'><strong>quibus</strong></span> <span class='ocrx_word' id='word_1_347' title='bbox 597 2839 715 2896; x_wconf 85' lang='lat' dir='ltr'><strong>valeatis</strong></span> <span class='ocrx_word' id='word_1_348' title='bbox 735 2839 895 2896; x_wconf 82' lang='lat' dir='ltr'><strong>intendero</strong></span> <span class='ocrx_word' id='word_1_349' title='bbox 905 2857 1028 2896; x_wconf 87' lang='lat' dir='ltr'><strong>acumen</strong></span> <span class='ocrx_word' id='word_1_350' title='bbox 1162 2803 1180 2858; x_wconf 72' lang='lat' dir='ltr'>p</span> <span class='ocrx_word' id='word_1_351' title='bbox 1334 2828 1340 2854; x_wconf 88' lang='lat'><strong>’</strong></span> 
     </span>
     <span class='ocr_line' id='line_1_30' title="bbox 226 2927 1028 3001; baseline -0.01 -10"><span class='ocrx_word' id='word_1_352' title='bbox 226 2935 388 2992; x_wconf 80' lang='lat' dir='ltr'><strong>exercitata</strong></span> <span class='ocrx_word' id='word_1_353' title='bbox 399 2929 514 2988; x_wconf 87' lang='lat' dir='ltr'><strong>mentis.</strong></span> <span class='ocrx_word' id='word_1_354' title='bbox 523 2929 580 2986; x_wconf 84' lang='lat' dir='ltr'><strong>Nec</strong></span> <span class='ocrx_word' id='word_1_355' title='bbox 590 2927 746 2984; x_wconf 79' lang='lat' dir='ltr'><strong>fraudabor</strong></span> <span class='ocrx_word' id='word_1_356' title='bbox 758 2944 809 2984; x_wconf 86' lang='lat' dir='ltr'><strong>vos</strong></span> <span class='ocrx_word' id='word_1_357' title='bbox 821 2929 1028 3001; x_wconf 72' lang='lat' dir='ltr'><strong>questionibus</strong></span> 
     </span>
     <span class='ocr_line' id='line_1_31' title="bbox 228 3016 1027 3096; baseline -0.01 -16"><span class='ocrx_word' id='word_1_358' title='bbox 228 3021 376 3096; x_wconf 80' lang='lat' dir='ltr'><strong>expeditis,</strong></span> <span class='ocrx_word' id='word_1_359' title='bbox 389 3037 461 3094; x_wconf 89' lang='lat' dir='ltr'><strong>quas</strong></span> <span class='ocrx_word' id='word_1_360' title='bbox 475 3019 519 3074; x_wconf 85' lang='lat' dir='ltr'><strong>vel</strong></span> <span class='ocrx_word' id='word_1_361' title='bbox 534 3016 673 3074; x_wconf 89' lang='lat' dir='ltr'><strong>tentando</strong></span> <span class='ocrx_word' id='word_1_362' title='bbox 689 3017 733 3072; x_wconf 87' lang='lat' dir='ltr'><strong>vel</strong></span> <span class='ocrx_word' id='word_1_363' title='bbox 748 3016 871 3073; x_wconf 90' lang='lat' dir='ltr'><strong>dicendo</strong></span> <span class='ocrx_word' id='word_1_364' title='bbox 885 3017 1027 3090; x_wconf 88' lang='lat' dir='ltr'><strong>objiciunt</strong></span> 
     </span>
     <span class='ocr_line' id='line_1_32' title="bbox 223 3105 1024 3188; baseline -0.011 -18"><span class='ocrx_word' id='word_1_365' title='bbox 223 3109 466 3188; x_wconf 86' lang='lat' dir='ltr'><strong>quiquestudiosi.</strong></span> <span class='ocrx_word' id='word_1_366' title='bbox 476 3105 585 3164; x_wconf 85' lang='lat' dir='ltr'><strong>Cuietsi</strong></span> <span class='ocrx_word' id='word_1_367' title='bbox 594 3105 630 3162; x_wconf 87' lang='lat' dir='ltr'><strong>ab</strong></span> <span class='ocrx_word' id='word_1_368' title='bbox 640 3105 736 3178; x_wconf 87' lang='lat' dir='ltr'><strong>aliquo</strong></span> <span class='ocrx_word' id='word_1_369' title='bbox 746 3107 1024 3178; x_wconf 79' lang='lat' dir='ltr'><strong>opponaturremulo</strong></span> 
     </span>
     <span class='ocr_line' id='line_1_33' title="bbox 222 3195 1026 3270; baseline -0.01 -12"><span class='ocrx_word' id='word_1_370' title='bbox 222 3201 252 3258; x_wconf 93' lang='lat' dir='ltr'><strong>in</strong></span> <span class='ocrx_word' id='word_1_371' title='bbox 267 3201 366 3256; x_wconf 80' lang='lat' dir='ltr'><strong>silvam</strong></span> <span class='ocrx_word' id='word_1_372' title='bbox 379 3196 598 3270; x_wconf 82' lang='lat' dir='ltr'><strong>nelignaieras,</strong></span> <span class='ocrx_word' id='word_1_373' title='bbox 610 3198 722 3250; x_wconf 90' lang='lat' dir='ltr'><strong>certum</strong></span> <span class='ocrx_word' id='word_1_374' title='bbox 738 3195 1026 3268; x_wconf 88' lang='lat' dir='ltr'><strong>tamenbabeoquod</strong></span> 
     </span>
     <span class='ocr_line' id='line_1_34' title="bbox 221 3281 1024 3361; baseline -0.01 -17"><span class='ocrx_word' id='word_1_375' title='bbox 221 3287 307 3346; x_wconf 85' lang='lat' dir='ltr'><strong>vestri</strong></span> <span class='ocrx_word' id='word_1_376' title='bbox 322 3285 433 3361; x_wconf 80' lang='lat' dir='ltr'><strong>ingenii</strong></span> <span class='ocrx_word' id='word_1_377' title='bbox 448 3283 585 3341; x_wconf 86' lang='lat' dir='ltr'><strong>sterilitas</strong></span> <span class='ocrx_word' id='word_1_378' title='bbox 599 3283 643 3338; x_wconf 87' lang='lat' dir='ltr'><strong>vel</strong></span> <span class='ocrx_word' id='word_1_379' title='bbox 661 3281 760 3354; x_wconf 83' lang='lat' dir='ltr'><strong>inopia</strong></span> <span class='ocrx_word' id='word_1_380' title='bbox 781 3282 838 3337; x_wconf 88' lang='lat' dir='ltr'><strong>mei</strong></span> <span class='ocrx_word' id='word_1_381' title='bbox 860 3298 918 3337; x_wconf 90' lang='lat' dir='ltr'><strong>non</strong></span> <span class='ocrx_word' id='word_1_382' title='bbox 931 3281 967 3336; x_wconf 91' lang='lat' dir='ltr'><strong>sit</strong></span> <span class='ocrx_word' id='word_1_383' title='bbox 980 3282 1024 3337; x_wconf 92' lang='lat' dir='ltr'><strong>in-</strong></span> 
     </span>
     <span class='ocr_line' id='line_1_35' title="bbox 221 3370 988 3450; baseline -0.012 -15"><span class='ocrx_word' id='word_1_384' title='bbox 221 3377 312 3450; x_wconf 78' lang='lat' dir='ltr'><strong>digna</strong></span> <span class='ocrx_word' id='word_1_385' title='bbox 325 3371 449 3432; x_wconf 80' lang='lat' dir='ltr'><strong>convivii</strong></span> <span class='ocrx_word' id='word_1_386' title='bbox 465 3373 558 3443; x_wconf 86' lang='lat' dir='ltr'><strong>copia,</strong></span> <span class='ocrx_word' id='word_1_387' title='bbox 574 3388 639 3443; x_wconf 81' lang='lat' dir='ltr'><strong>quae</strong></span> <span class='ocrx_word' id='word_1_388' title='bbox 653 3370 709 3426; x_wconf 91' lang='lat' dir='ltr'><strong>boc</strong></span> <span class='ocrx_word' id='word_1_389' title='bbox 724 3371 812 3427; x_wconf 91' lang='lat' dir='ltr'><strong>modo</strong></span> <span class='ocrx_word' id='word_1_390' title='bbox 827 3387 857 3426; x_wconf 91' lang='lat' dir='ltr'><strong>se</strong></span> <span class='ocrx_word' id='word_1_391' title='bbox 872 3370 988 3426; x_wconf 89' lang='lat' dir='ltr'><strong>babeat.</strong></span> 
     </span>
     <span class='ocr_line' id='line_1_36' title="bbox 257 3459 1024 3537; baseline -0.005 -17"><span class='ocrx_word' id='word_1_392' title='bbox 257 3471 284 3523; x_wconf 64' lang='grc' dir='ltr'>ι.</span> <span class='ocrx_word' id='word_1_393' title='bbox 299 3462 503 3537; x_wconf 72' lang='lat' dir='ltr'><strong>inquestione</strong></span> <span class='ocrx_word' id='word_1_394' title='bbox 517 3459 613 3532; x_wconf 86' lang='lat' dir='ltr'><strong>prima</strong></span> <span class='ocrx_word' id='word_1_395' title='bbox 624 3459 778 3531; x_wconf 79' lang='lat' dir='ltr'><strong>quaesitum</strong></span> <span class='ocrx_word' id='word_1_396' title='bbox 794 3463 837 3515; x_wconf 90' lang='lat' dir='ltr'><strong>est</strong></span> <span class='ocrx_word' id='word_1_397' title='bbox 846 3460 962 3515; x_wconf 78' lang='lat' dir='ltr'><strong>solobria</strong></span> <span class='ocrx_word' id='word_1_398' title='bbox 974 3476 1024 3532; x_wconf 89' lang='lat' dir='ltr'><strong>pe·</strong></span> 
     </span>
     <span class='ocr_line' id='line_1_37' title="bbox 221 3546 1025 3623; baseline -0.006 -13"><span class='ocrx_word' id='word_1_399' title='bbox 221 3553 346 3610; x_wconf 87' lang='lat' dir='ltr'><strong>nultima</strong></span> <span class='ocrx_word' id='word_1_400' title='bbox 361 3552 506 3623; x_wconf 78' lang='lat' dir='ltr'><strong>correpta,</strong></span> <span class='ocrx_word' id='word_1_401' title='bbox 521 3565 556 3604; x_wconf 90' lang='lat' dir='ltr'><strong>an</strong></span> <span class='ocrx_word' id='word_1_402' title='bbox 568 3548 709 3619; x_wconf 85' lang='lat' dir='ltr'><strong>producta</strong></span> <span class='ocrx_word' id='word_1_403' title='bbox 724 3547 779 3602; x_wconf 90' lang='lat' dir='ltr'><strong>dici</strong></span> <span class='ocrx_word' id='word_1_404' title='bbox 793 3546 897 3603; x_wconf 87' lang='lat' dir='ltr'><strong>debeat</strong></span> <span class='ocrx_word' id='word_1_405' title='bbox 908 3549 1025 3605; x_wconf 82' lang='lat' dir='ltr'><strong>velcon·</strong></span> 
     </span>
     <span class='ocr_line' id='line_1_38' title="bbox 220 3635 1025 3710; baseline -0.01 -9"><span class='ocrx_word' id='word_1_406' title='bbox 220 3641 327 3701; x_wconf 84' lang='lat' dir='ltr'><strong>veniat.</strong></span> <span class='ocrx_word' id='word_1_407' title='bbox 341 3639 449 3706; x_wconf 84' lang='lat' dir='ltr'><strong>Quibus</strong></span> <span class='ocrx_word' id='word_1_408' title='bbox 464 3654 518 3710; x_wconf 87' lang='lat' dir='ltr'><strong>ego</strong></span> <span class='ocrx_word' id='word_1_409' title='bbox 533 3636 670 3710; x_wconf 87' lang='lat' dir='ltr'><strong>proposui</strong></span> <span class='ocrx_word' id='word_1_410' title='bbox 687 3652 750 3708; x_wconf 88' lang='lat' dir='ltr'><strong>quae</strong></span> <span class='ocrx_word' id='word_1_411' title='bbox 775 3635 806 3691; x_wconf 92' lang='lat' dir='ltr'><strong>in</strong></span> <span class='ocrx_word' id='word_1_412' title='bbox 831 3636 957 3709; x_wconf 89' lang='lat' dir='ltr'><strong>antiquis</strong></span> <span class='ocrx_word' id='word_1_413' title='bbox 972 3637 1025 3693; x_wconf 88' lang='lat' dir='ltr'><strong>La·</strong></span> 
     </span>
     <span class='ocr_line' id='line_1_39' title="bbox 220 3723 1025 3803; baseline -0.01 -15"><span class='ocrx_word' id='word_1_414' title='bbox 220 3733 290 3789; x_wconf 76' lang='lat' dir='ltr'><strong>tinae</strong></span> <span class='ocrx_word' id='word_1_415' title='bbox 303 3730 411 3803; x_wconf 77' lang='lat' dir='ltr'><strong>linguae</strong></span> <span class='ocrx_word' id='word_1_416' title='bbox 424 3725 587 3784; x_wconf 82' lang='lat' dir='ltr'><strong>auctoribus</strong></span> <span class='ocrx_word' id='word_1_417' title='bbox 600 3741 649 3780; x_wconf 90' lang='lat' dir='ltr'><strong>me</strong></span> <span class='ocrx_word' id='word_1_418' title='bbox 663 3723 765 3797; x_wconf 79' lang='lat' dir='ltr'><strong>legisse</strong></span> <span class='ocrx_word' id='word_1_419' title='bbox 776 3733 914 3797; x_wconf 84' lang='lat' dir='ltr'><strong>procerte</strong></span> <span class='ocrx_word' id='word_1_420' title='bbox 925 3726 1025 3795; x_wconf 87' lang='lat' dir='ltr'><strong>babai,</strong></span> 
     </span>
     <span class='ocr_line' id='line_1_40' title="bbox 221 3813 1026 3882; baseline -0.006 -5"><span class='ocrx_word' id='word_1_421' title='bbox 221 3825 251 3878; x_wconf 90' lang='lat' dir='ltr'><strong>et</strong></span> <span class='ocrx_word' id='word_1_422' title='bbox 271 3835 309 3876; x_wconf 87' lang='lat' dir='ltr'><strong>ne</strong></span> <span class='ocrx_word' id='word_1_423' title='bbox 332 3821 427 3875; x_wconf 85' lang='lat' dir='ltr'><strong>vestra</strong></span> <span class='ocrx_word' id='word_1_424' title='bbox 454 3813 598 3872; x_wconf 85' lang='lat' dir='ltr'><strong>memoria</strong></span> <span class='ocrx_word' id='word_1_425' title='bbox 616 3813 795 3882; x_wconf 85' lang='lat' dir='ltr'><strong>laberentur,</strong></span> <span class='ocrx_word' id='word_1_426' title='bbox 810 3813 900 3870; x_wconf 87' lang='lat' dir='ltr'><strong>etiam</strong></span> <span class='ocrx_word' id='word_1_427' title='bbox 923 3814 1026 3872; x_wconf 88' lang='lat' dir='ltr'><strong>litteris</strong></span> 
     </span>
     <span class='ocr_line' id='line_1_41' title="bbox 221 3901 1322 3996; baseline -0.01 -28"><span class='ocrx_word' id='word_1_428' title='bbox 221 3907 336 3983; x_wconf 81' lang='lat' dir='ltr'><strong>digessi.</strong></span> <span class='ocrx_word' id='word_1_429' title='bbox 352 3909 384 3963; x_wconf 90' lang='lat' dir='ltr'><strong>iu</strong></span> <span class='ocrx_word' id='word_1_430' title='bbox 399 3905 501 3979; x_wconf 90' lang='lat' dir='ltr'><strong>primis</strong></span> <span class='ocrx_word' id='word_1_431' title='bbox 514 3905 642 3960; x_wconf 87' lang='lat' dir='ltr'><strong>Donatus</strong></span> <span class='ocrx_word' id='word_1_432' title='bbox 657 3901 726 3958; x_wconf 81' lang='lat' dir='ltr'><strong>dicit</strong></span> <span class='ocrx_word' id='word_1_433' title='bbox 741 3903 820 3975; x_wconf 88' lang='lat' dir='ltr'><strong>quod</strong></span> <span class='ocrx_word' id='word_1_434' title='bbox 833 3902 856 3958; x_wconf 93' lang='lat' dir='ltr'><strong>si</strong></span> <span class='ocrx_word' id='word_1_435' title='bbox 872 3903 900 3958; x_wconf 94' lang='lat' dir='ltr'><strong>in</strong></span> <span class='ocrx_word' id='word_1_436' title='bbox 917 3905 1024 3976; x_wconf 85' lang='lat' dir='ltr'><strong>trissyl·</strong></span> <span class='ocrx_word' id='word_1_437' title='bbox 1076 3945 1182 3996; x_wconf 53' lang='lat' dir='ltr'><strong><em>amator</em></strong></span> <span class='ocrx_word' id='word_1_438' title='bbox 1203 3940 1322 3994; x_wconf 48' lang='lat' dir='ltr'><strong><em>amatrix</em></strong></span> 
     </span>
    </p>
   </div>
   <div class='ocr_carea' id='block_1_3' title="bbox 220 3989 1866 4097">
    <p class='ocr_par' dir='ltr' id='par_1_3' title="bbox 220 3989 1866 4097">
     <span class='ocr_line' id='line_1_42' title="bbox 220 3989 1866 4097; baseline -0.013 -42"><span class='ocrx_word' id='word_1_439' title='bbox 220 3998 293 4055; x_wconf 90' lang='lat' dir='ltr'><strong>labis</strong></span> <span class='ocrx_word' id='word_1_440' title='bbox 305 3998 335 4053; x_wconf 85' lang='lat' dir='ltr'><strong>et</strong></span> <span class='ocrx_word' id='word_1_441' title='bbox 347 3991 539 4066; x_wconf 78' lang='lat' dir='ltr'><strong>tetrasyllabis</strong></span> <span class='ocrx_word' id='word_1_442' title='bbox 553 3994 582 4046; x_wconf 90' lang='lat' dir='ltr'><strong>et</strong></span> <span class='ocrx_word' id='word_1_443' title='bbox 596 3990 741 4062; x_wconf 86' lang='lat' dir='ltr'><strong>deinceps,</strong></span> <span class='ocrx_word' id='word_1_444' title='bbox 757 3989 779 4045; x_wconf 93' lang='lat' dir='ltr'><strong>si</strong></span> <span class='ocrx_word' id='word_1_445' title='bbox 795 3991 957 4063; x_wconf 85' lang='lat' dir='ltr'><strong>penultima</strong></span> <span class='ocrx_word' id='word_1_446' title='bbox 972 4009 1024 4064; x_wconf 92' lang='lat' dir='ltr'><strong>po·</strong></span> <span class='ocrx_word' id='word_1_447' title='bbox 1111 4027 1298 4084; x_wconf 49' lang='lat' dir='ltr'><strong>Inveniuntur</strong></span> <span class='ocrx_word' id='word_1_448' title='bbox 1322 4025 1464 4097; x_wconf 47' lang='lat' dir='ltr'><strong>producta</strong></span> <span class='ocrx_word' id='word_1_449' title='bbox 1479 4022 1641 4097; x_wconf 53' lang='lat' dir='ltr'><strong>participia,</strong></span> <span class='ocrx_word' id='word_1_450' title='bbox 1659 4037 1724 4093; x_wconf 54' lang='lat' dir='ltr'><strong>qum</strong></span> <span class='ocrx_word' id='word_1_451' title='bbox 1740 4015 1839 4073; x_wconf 58' lang='lat' dir='ltr'><strong>haben,</strong></span> <span class='ocrx_word' id='word_1_452' title='bbox 1855 4025 1866 4063; x_wconf 54' lang='lat' dir='ltr'><em>e</em></span> 
     </span>
    </p>
   </div>
   <div class='ocr_carea' id='block_1_4' title="bbox 220 4080 1865 4276">
    <p class='ocr_par' dir='ltr' id='par_1_4' title="bbox 220 4080 1865 4276">
     <span class='ocr_line' id='line_1_43' title="bbox 220 4080 1865 4186; baseline -0.02 -1"><span class='ocrx_word' id='word_1_453' title='bbox 220 4087 323 4186; x_wconf 50' lang='lat' dir='ltr'><strong>sitim</strong></span> <span class='ocrx_word' id='word_1_454' title='bbox 337 4082 533 4157; x_wconf 59' lang='lat' dir='ltr'><strong>¹⁰⁰g³f⁰⁰rst&#39;</strong></span> <span class='ocrx_word' id='word_1_455' title='bbox 544 4080 607 4180; x_wconf 56' lang='lat' dir='ltr'><strong>ipim</strong></span> <span class='ocrx_word' id='word_1_456' title='bbox 617 4080 1026 4179; x_wconf 37' lang='lat' dir='ltr'>{caemr’mntepenumma</span> <span class='ocrx_word' id='word_1_457' title='bbox 1076 4119 1143 4171; x_wconf 87' lang='lat' dir='ltr'><strong>ante</strong></span> <span class='ocrx_word' id='word_1_458' title='bbox 1159 4123 1209 4183; x_wconf 85' lang='lat' dir='ltr'><strong>tos,</strong></span> <span class='ocrx_word' id='word_1_459' title='bbox 1227 4116 1257 4168; x_wconf 91' lang='lat' dir='ltr'><strong>ut</strong></span> <span class='ocrx_word' id='word_1_460' title='bbox 1272 4120 1427 4174; x_wconf 81' lang='lat' dir='ltr'><strong>recernetns.</strong></span> <span class='ocrx_word' id='word_1_461' title='bbox 1442 4113 1523 4168; x_wconf 86' lang='lat' dir='ltr'><strong>Unde</strong></span> <span class='ocrx_word' id='word_1_462' title='bbox 1538 4109 1713 4167; x_wconf 88' lang='lat' dir='ltr'><strong>Prudentius</strong></span> <span class='ocrx_word' id='word_1_463' title='bbox 1726 4107 1754 4162; x_wconf 92' lang='lat' dir='ltr'><strong>in</strong></span> <span class='ocrx_word' id='word_1_464' title='bbox 1769 4099 1865 4177; x_wconf 84' lang='lat' dir='ltr'><strong>passio·</strong></span> 
     </span>
     <span class='ocr_line' id='line_1_44' title="bbox 221 4165 1429 4276; baseline -0.011 -44"><span class='ocrx_word' id='word_1_465' title='bbox 221 4191 302 4251; x_wconf 76' lang='lat' dir='ltr'><strong>gran</strong></span> <span class='ocrx_word' id='word_1_466' title='bbox 317 4176 436 4230; x_wconf 88' lang='lat' dir='ltr'><strong>accentu</strong></span> <span class='ocrx_word' id='word_1_467' title='bbox 444 4167 692 4243; x_wconf 82' lang='lat' dir='ltr'><strong>pronuntiabitur,</strong></span> <span class='ocrx_word' id='word_1_468' title='bbox 704 4171 736 4222; x_wconf 90' lang='lat' dir='ltr'><strong>ut</strong></span> <span class='ocrx_word' id='word_1_469' title='bbox 746 4165 877 4236; x_wconf 70' lang='lat' dir='ltr'><strong>catellus,</strong></span> <span class='ocrx_word' id='word_1_470' title='bbox 891 4165 1024 4225; x_wconf 80' lang='lat' dir='ltr'><strong>Metellus:</strong></span> <span class='ocrx_word' id='word_1_471' title='bbox 1078 4220 1114 4260; x_wconf 68' lang='lat' dir='ltr'><strong>ne</strong></span> <span class='ocrx_word' id='word_1_472' title='bbox 1130 4203 1252 4276; x_wconf 52' lang='lat' dir='ltr'><strong>„ypoliti</strong></span> <span class='ocrx_word' id='word_1_473' title='bbox 1274 4201 1409 4274; x_wconf 48' lang='lat' dir='ltr'><strong>martyris</strong></span> <span class='ocrx_word' id='word_1_474' title='bbox 1422 4217 1429 4256; x_wconf 91' lang='lat'>:</span> 
     </span>
    </p>
   </div>
   <div class='ocr_carea' id='block_1_5' title="bbox 221 4257 1744 4421">
    <p class='ocr_par' dir='ltr' id='par_1_5' title="bbox 221 4257 1744 4421">
     <span class='ocr_line' id='line_1_45' title="bbox 221 4257 1025 4331; baseline -0.007 -13"><span class='ocrx_word' id='word_1_475' title='bbox 221 4265 263 4318; x_wconf 90' lang='lat' dir='ltr'><strong>ita</strong></span> <span class='ocrx_word' id='word_1_476' title='bbox 275 4267 373 4318; x_wconf 88' lang='lat' dir='ltr'><strong>tamen</strong></span> <span class='ocrx_word' id='word_1_477' title='bbox 387 4259 411 4314; x_wconf 90' lang='lat' dir='ltr'><strong>si</strong></span> <span class='ocrx_word' id='word_1_478' title='bbox 425 4258 568 4331; x_wconf 85' lang='lat' dir='ltr'><strong>positione</strong></span> <span class='ocrx_word' id='word_1_479' title='bbox 581 4257 680 4329; x_wconf 82' lang='lat' dir='ltr'><strong>longa,</strong></span> <span class='ocrx_word' id='word_1_480' title='bbox 697 4273 756 4312; x_wconf 89' lang='lat' dir='ltr'><strong>non</strong></span> <span class='ocrx_word' id='word_1_481' title='bbox 769 4271 802 4310; x_wconf 87' lang='lat' dir='ltr'><strong>ex</strong></span> <span class='ocrx_word' id='word_1_482' title='bbox 814 4259 932 4312; x_wconf 88' lang='lat' dir='ltr'><strong>mutaet</strong></span> <span class='ocrx_word' id='word_1_483' title='bbox 941 4257 1025 4330; x_wconf 92' lang='lat' dir='ltr'><strong>liqui·</strong></span> 
     </span>
     <span class='ocr_line' id='line_1_46' title="bbox 223 4317 1744 4421; baseline -0.012 -13"><span class='ocrx_word' id='word_1_484' title='bbox 223 4352 261 4409; x_wconf 93' lang='lat' dir='ltr'><strong>da</strong></span> <span class='ocrx_word' id='word_1_485' title='bbox 274 4349 380 4418; x_wconf 77' lang='lat' dir='ltr'><strong>tuerit3</strong></span> <span class='ocrx_word' id='word_1_486' title='bbox 397 4362 466 4402; x_wconf 87' lang='lat' dir='ltr'><strong>nam</strong></span> <span class='ocrx_word' id='word_1_487' title='bbox 482 4345 607 4402; x_wconf 90' lang='lat' dir='ltr'><strong>mutabit</strong></span> <span class='ocrx_word' id='word_1_488' title='bbox 621 4348 782 4416; x_wconf 86' lang='lat' dir='ltr'><strong>accentum,</strong></span> <span class='ocrx_word' id='word_1_489' title='bbox 796 4349 828 4402; x_wconf 90' lang='lat' dir='ltr'><strong>ut</strong></span> <span class='ocrx_word' id='word_1_490' title='bbox 840 4346 946 4401; x_wconf 76' lang='lat' dir='ltr'><strong>latebra</strong></span> <span class='ocrx_word' id='word_1_491' title='bbox 957 4353 1066 4421; x_wconf 79' lang='lat' dir='ltr'><strong>tene-1)</strong></span> <span class='ocrx_word' id='word_1_492' title='bbox 1114 4326 1234 4400; x_wconf 63' lang='lat' dir='ltr'><strong><em>cumque</em></strong></span> <span class='ocrx_word' id='word_1_493' title='bbox 1254 4326 1392 4380; x_wconf 56' lang='lat' dir='ltr'><strong>memmi</strong></span> <span class='ocrx_word' id='word_1_494' title='bbox 1406 4328 1536 4380; x_wconf 59' lang='lat' dir='ltr'><strong>mmmm</strong></span> <span class='ocrx_word' id='word_1_495' title='bbox 1545 4322 1675 4394; x_wconf 82' lang='lat' dir='ltr'><strong>partitus</strong></span> <span class='ocrx_word' id='word_1_496' title='bbox 1689 4317 1744 4374; x_wconf 58' lang='lat' dir='ltr'><strong>³¹²²ss-</strong></span> 
     </span>
    </p>
   </div>
   <div class='ocr_carea' id='block_1_6' title="bbox 197 4423 1870 5665">
    <p class='ocr_par' dir='ltr' id='par_1_6' title="bbox 197 4423 1869 4610">
     <span class='ocr_line' id='line_1_47' title="bbox 223 4423 1865 4501; baseline -0.023 6"><span class='ocrx_word' id='word_1_497' title='bbox 223 4438 284 4496; x_wconf 66' lang='lat' dir='ltr'><strong>0rff·</strong></span> <span class='ocrx_word' id='word_1_498' title='bbox 1113 4433 1219 4489; x_wconf 82' lang='lat' dir='ltr'><strong>sivero</strong></span> <span class='ocrx_word' id='word_1_499' title='bbox 1233 4435 1243 4486; x_wconf 86' lang='lat' dir='ltr'><strong>i</strong></span> <span class='ocrx_word' id='word_1_500' title='bbox 1257 4430 1520 4497; x_wconf 84' lang='lat' dir='ltr'><strong>antetusbabucrit,</strong></span> <span class='ocrx_word' id='word_1_501' title='bbox 1530 4429 1639 4501; x_wconf 87' lang='lat' dir='ltr'><strong>ubique</strong></span> <span class='ocrx_word' id='word_1_502' title='bbox 1651 4423 1865 4500; x_wconf 88' lang='lat' dir='ltr'><strong>penultimacor·</strong></span> 
     </span>
     <span class='ocr_line' id='line_1_48' title="bbox 197 4506 1869 4610; baseline -0.016 -26"><span class='ocrx_word' id='word_1_503' title='bbox 197 4601 199 4610; x_wconf 37' lang='lat'><strong>,</strong></span> <span class='ocrx_word' id='word_1_504' title='bbox 260 4528 322 4593; x_wconf 81' lang='lat' dir='ltr'><strong>Quo</strong></span> <span class='ocrx_word' id='word_1_505' title='bbox 337 4527 400 4582; x_wconf 89' lang='lat' dir='ltr'><strong>loco</strong></span> <span class='ocrx_word' id='word_1_506' title='bbox 416 4523 520 4580; x_wconf 90' lang='lat' dir='ltr'><strong>inoluit</strong></span> <span class='ocrx_word' id='word_1_507' title='bbox 534 4517 635 4596; x_wconf 83' lang='lat' dir='ltr'><strong>quia&#39;si</strong></span> <span class='ocrx_word' id='word_1_508' title='bbox 649 4522 800 4594; x_wconf 78' lang='lat' dir='ltr'><strong>cujmlibet</strong></span> <span class='ocrx_word' id='word_1_509' title='bbox 818 4522 909 4594; x_wconf 85' lang='lat' dir='ltr'><strong>pertis</strong></span> <span class='ocrx_word' id='word_1_510' title='bbox 924 4522 1025 4596; x_wconf 90' lang='lat' dir='ltr'><strong>penul·</strong></span> <span class='ocrx_word' id='word_1_511' title='bbox 1076 4523 1191 4593; x_wconf 89' lang='lat' dir='ltr'><strong>ripitur,</strong></span> <span class='ocrx_word' id='word_1_512' title='bbox 1202 4521 1256 4576; x_wconf 90' lang='lat' dir='ltr'><strong>nisi</strong></span> <span class='ocrx_word' id='word_1_513' title='bbox 1268 4518 1490 4575; x_wconf 82' lang='lat' dir='ltr'><strong>veniatarerbis</strong></span> <span class='ocrx_word' id='word_1_514' title='bbox 1501 4522 1611 4590; x_wconf 80' lang='lat' dir='ltr'><strong>quartae</strong></span> <span class='ocrx_word' id='word_1_515' title='bbox 1621 4506 1869 4586; x_wconf 76' lang='lat' dir='ltr'><strong>conjugationiaut</strong></span> 
     </span>
    </p>

    <p class='ocr_par' dir='ltr' id='par_1_7' title="bbox 217 4601 1870 5580">
     <span class='ocr_line' id='line_1_49' title="bbox 223 4601 1867 4688; baseline -0.018 -14"><span class='ocrx_word' id='word_1_516' title='bbox 223 4618 297 4674; x_wconf 90' lang='lat' dir='ltr'><strong>tima</strong></span> <span class='ocrx_word' id='word_1_517' title='bbox 311 4614 420 4688; x_wconf 83' lang='lat' dir='ltr'><strong>syllaba</strong></span> <span class='ocrx_word' id='word_1_518' title='bbox 435 4611 548 4668; x_wconf 85' lang='lat' dir='ltr'><strong>desinat</strong></span> <span class='ocrx_word' id='word_1_519' title='bbox 558 4611 587 4666; x_wconf 93' lang='lat' dir='ltr'><strong>in</strong></span> <span class='ocrx_word' id='word_1_520' title='bbox 601 4615 735 4682; x_wconf 89' lang='lat' dir='ltr'><strong>correpta</strong></span> <span class='ocrx_word' id='word_1_521' title='bbox 750 4611 928 4685; x_wconf 67' lang='lat' dir='ltr'><strong>vocatique</strong></span> <span class='ocrx_word' id='word_1_522' title='bbox 948 4612 1025 4668; x_wconf 80' lang='lat' dir='ltr'><strong>esci·</strong></span> <span class='ocrx_word' id='word_1_523' title='bbox 1076 4611 1163 4677; x_wconf 85' lang='lat' dir='ltr'><strong>domo,</strong></span> <span class='ocrx_word' id='word_1_524' title='bbox 1179 4609 1281 4675; x_wconf 76' lang='lat' dir='ltr'><strong>doinus,</strong></span> <span class='ocrx_word' id='word_1_525' title='bbox 1296 4608 1426 4673; x_wconf 83' lang='lat' dir='ltr'><strong>domitas,-</strong></span> <span class='ocrx_word' id='word_1_526' title='bbox 1439 4622 1540 4673; x_wconf 68' lang='lat' dir='ltr'><strong>ancaeo,</strong></span> <span class='ocrx_word' id='word_1_527' title='bbox 1562 4621 1665 4670; x_wconf 76' lang='lat' dir='ltr'><strong>inanes,</strong></span> <span class='ocrx_word' id='word_1_528' title='bbox 1683 4601 1797 4657; x_wconf 78' lang='lat' dir='ltr'><strong>inanitus</strong></span> <span class='ocrx_word' id='word_1_529' title='bbox 1808 4613 1815 4658; x_wconf 88' lang='lat'>;</span> <span class='ocrx_word' id='word_1_530' title='bbox 1827 4609 1867 4646; x_wconf 82' lang='grc' dir='ltr'><strong>ιι-</strong></span> 
     </span>
     <span class='ocr_line' id='line_1_50' title="bbox 223 4681 1868 4782; baseline -0.026 -4"><span class='ocrx_word' id='word_1_531' title='bbox 223 4707 353 4782; x_wconf 58' lang='lat' dir='ltr'><strong>itiam?a</strong></span> <span class='ocrx_word' id='word_1_532' title='bbox 373 4702 484 4758; x_wconf 61' lang='lat' dir='ltr'><strong>‘imbus</strong></span> <span class='ocrx_word' id='word_1_533' title='bbox 503 4699 738 4767; x_wconf 63' lang='lat' dir='ltr'><strong>⁰⁰¹¹S⁰¹¹⁸¹¹Ub¹¹⁵2</strong></span> <span class='ocrx_word' id='word_1_534' title='bbox 761 4716 884 4772; x_wconf 85' lang='lat' dir='ltr'><strong>quarum</strong></span> <span class='ocrx_word' id='word_1_535' title='bbox 899 4701 935 4756; x_wconf 94' lang='lat' dir='ltr'><strong>sit</strong></span> <span class='ocrx_word' id='word_1_536' title='bbox 947 4701 1027 4772; x_wconf 88' lang='lat' dir='ltr'><strong>prior</strong></span> <span class='ocrx_word' id='word_1_537' title='bbox 1076 4700 1130 4767; x_wconf 85' lang='lat' dir='ltr'><strong>dic,</strong></span> <span class='ocrx_word' id='word_1_538' title='bbox 1148 4698 1235 4766; x_wconf 82' lang='lat' dir='ltr'><strong>audis,</strong></span> <span class='ocrx_word' id='word_1_539' title='bbox 1260 4697 1387 4762; x_wconf 74' lang='lat' dir='ltr'><strong>autlitnsy</strong></span> <span class='ocrx_word' id='word_1_540' title='bbox 1409 4694 1618 4762; x_wconf 63' lang='lat' dir='ltr'><strong>conducendis,</strong></span> <span class='ocrx_word' id='word_1_541' title='bbox 1639 4692 1761 4749; x_wconf 82' lang='lat' dir='ltr'><strong>corrditns</strong></span> <span class='ocrx_word' id='word_1_542' title='bbox 1781 4703 1787 4741; x_wconf 93' lang='lat'>:</span> <span class='ocrx_word' id='word_1_543' title='bbox 1804 4681 1868 4738; x_wconf 82' lang='lat' dir='ltr'><strong>uirile</strong></span> 
     </span>
     <span class='ocr_line' id='line_1_51' title="bbox 224 4769 1867 4865; baseline -0.016 -15"><span class='ocrx_word' id='word_1_544' title='bbox 224 4797 472 4865; x_wconf 84' lang='lat' dir='ltr'><strong>mutaetsequens</strong></span> <span class='ocrx_word' id='word_1_545' title='bbox 483 4789 594 4862; x_wconf 91' lang='lat' dir='ltr'><strong>liquida</strong></span> <span class='ocrx_word' id='word_1_546' title='bbox 609 4789 654 4857; x_wconf 87' lang='lat' dir='ltr'><strong>sit,</strong></span> <span class='ocrx_word' id='word_1_547' title='bbox 671 4805 821 4862; x_wconf 90' lang='lat' dir='ltr'><strong>nunquam</strong></span> <span class='ocrx_word' id='word_1_548' title='bbox 840 4789 888 4846; x_wconf 87' lang='lat' dir='ltr'><strong>illa</strong></span> <span class='ocrx_word' id='word_1_549' title='bbox 899 4791 1024 4862; x_wconf 84' lang='lat' dir='ltr'><strong>perstri-</strong></span> <span class='ocrx_word' id='word_1_550' title='bbox 1076 4787 1236 4843; x_wconf 86' lang='lat' dir='ltr'><strong>masculina</strong></span> <span class='ocrx_word' id='word_1_551' title='bbox 1256 4785 1380 4850; x_wconf 73' lang='lat' dir='ltr'><strong>clamator,</strong></span> <span class='ocrx_word' id='word_1_552' title='bbox 1406 4785 1534 4850; x_wconf 83' lang='lat' dir='ltr'><strong>monitor,</strong></span> <span class='ocrx_word' id='word_1_553' title='bbox 1557 4783 1680 4848; x_wconf 72' lang='lat' dir='ltr'><strong>creditor,</strong></span> <span class='ocrx_word' id='word_1_554' title='bbox 1695 4776 1819 4834; x_wconf 83' lang='lat' dir='ltr'><strong>conditor.</strong></span> <span class='ocrx_word' id='word_1_555' title='bbox 1836 4769 1867 4822; x_wconf 79' lang='lat' dir='ltr'><strong>Ex</strong></span> 
     </span>
     <span class='ocr_line' id='line_1_52' title="bbox 224 4856 1867 4957; baseline -0.019 -17"><span class='ocrx_word' id='word_1_556' title='bbox 224 4883 335 4957; x_wconf 82' lang='lat' dir='ltr'><strong>syllaba</strong></span> <span class='ocrx_word' id='word_1_557' title='bbox 344 4882 387 4938; x_wconf 82' lang='lat' dir='ltr'><strong>rel</strong></span> <span class='ocrx_word' id='word_1_558' title='bbox 405 4877 590 4952; x_wconf 89' lang='lat' dir='ltr'><strong>tetrasyllaba</strong></span> <span class='ocrx_word' id='word_1_559' title='bbox 599 4882 719 4933; x_wconf 88' lang='lat' dir='ltr'><strong>acuetur</strong></span> <span class='ocrx_word' id='word_1_560' title='bbox 736 4877 766 4932; x_wconf 91' lang='lat' dir='ltr'><strong>in</strong></span> <span class='ocrx_word' id='word_1_561' title='bbox 788 4877 958 4949; x_wconf 82' lang='lat' dir='ltr'><strong>penultima,</strong></span> <span class='ocrx_word' id='word_1_562' title='bbox 975 4878 1026 4934; x_wconf 88' lang='lat' dir='ltr'><strong>sed</strong></span> <span class='ocrx_word' id='word_1_563' title='bbox 1075 4877 1120 4932; x_wconf 89' lang='lat' dir='ltr'><strong>his</strong></span> <span class='ocrx_word' id='word_1_564' title='bbox 1145 4874 1287 4932; x_wconf 84' lang='lat' dir='ltr'><strong>lemiuina</strong></span> <span class='ocrx_word' id='word_1_565' title='bbox 1302 4873 1437 4939; x_wconf 77' lang='lat' dir='ltr'><strong>dotriitrir,</strong></span> <span class='ocrx_word' id='word_1_566' title='bbox 1462 4873 1601 4937; x_wconf 78' lang='lat' dir='ltr'><strong>rnonitrir,</strong></span> <span class='ocrx_word' id='word_1_567' title='bbox 1624 4867 1758 4932; x_wconf 77' lang='grc' dir='ltr'>ιιιιιίιίνίι,</span> <span class='ocrx_word' id='word_1_568' title='bbox 1789 4856 1867 4915; x_wconf 76' lang='lat' dir='ltr'><strong>corriti·</strong></span> 
     </span>
     <span class='ocr_line' id='line_1_53' title="bbox 223 4953 1869 5040; baseline -0.016 -11"><span class='ocrx_word' id='word_1_569' title='bbox 223 4965 1025 5040; x_wconf 87' lang='lat' dir='ltr'><strong>mutatoaccentupotiusinantepenultima,licctinmo-</strong></span> <span class='ocrx_word' id='word_1_570' title='bbox 1076 4953 1869 5031; x_wconf 64' lang='lat' dir='ltr'><strong>tric.Producuntirrirrtortiaconjuqationeoblitusque</strong></span> 
     </span>
     <span class='ocr_line' id='line_1_54' title="bbox 224 5041 1870 5132; baseline -0.016 -13"><span class='ocrx_word' id='word_1_571' title='bbox 224 5061 436 5132; x_wconf 89' lang='lat' dir='ltr'><strong>dioutrumque</strong></span> <span class='ocrx_word' id='word_1_572' title='bbox 448 5055 615 5123; x_wconf 76' lang='lat' dir='ltr'><strong>desilisset,</strong></span> <span class='ocrx_word' id='word_1_573' title='bbox 628 5057 714 5126; x_wconf 91' lang='lat' dir='ltr'><strong>prout</strong></span> <span class='ocrx_word' id='word_1_574' title='bbox 726 5055 1025 5129; x_wconf 83' lang='lat' dir='ltr'><strong>lueritpootoevolun-</strong></span> <span class='ocrx_word' id='word_1_575' title='bbox 1074 5059 1152 5122; x_wconf 83' lang='lat' dir='ltr'><strong>situs,</strong></span> <span class='ocrx_word' id='word_1_576' title='bbox 1167 5054 1365 5124; x_wconf 66' lang='lat' dir='ltr'><strong>trinepotum</strong></span> <span class='ocrx_word' id='word_1_577' title='bbox 1379 5055 1407 5106; x_wconf 86' lang='lat' dir='ltr'><strong>ct</strong></span> <span class='ocrx_word' id='word_1_578' title='bbox 1417 5051 1530 5121; x_wconf 78' lang='lat' dir='ltr'><strong>cipitur,</strong></span> <span class='ocrx_word' id='word_1_579' title='bbox 1545 5052 1575 5103; x_wconf 88' lang='lat' dir='ltr'><strong>et</strong></span> <span class='ocrx_word' id='word_1_580' title='bbox 1589 5065 1657 5120; x_wconf 66' lang='lat' dir='ltr'><strong>qua:</strong></span> <span class='ocrx_word' id='word_1_581' title='bbox 1671 5063 1704 5100; x_wconf 86' lang='lat' dir='ltr'><strong>ex</strong></span> <span class='ocrx_word' id='word_1_582' title='bbox 1718 5041 1870 5106; x_wconf 82' lang='lat' dir='ltr'><strong>uiseompo·</strong></span> 
     </span>
     <span class='ocr_line' id='line_1_55' title="bbox 222 5123 1868 5216; baseline -0.019 -10"><span class='ocrx_word' id='word_1_583' title='bbox 222 5154 278 5208; x_wconf 87' lang='lat' dir='ltr'><strong>tas.</strong></span> <span class='ocrx_word' id='word_1_584' title='bbox 290 5149 363 5204; x_wconf 88' lang='lat' dir='ltr'><strong>Nam</strong></span> <span class='ocrx_word' id='word_1_585' title='bbox 373 5145 396 5202; x_wconf 88' lang='lat' dir='ltr'><strong>si</strong></span> <span class='ocrx_word' id='word_1_586' title='bbox 417 5144 474 5200; x_wconf 90' lang='lat' dir='ltr'><strong>sint</strong></span> <span class='ocrx_word' id='word_1_587' title='bbox 494 5142 621 5199; x_wconf 83' lang='lat' dir='ltr'><strong>verbalia</strong></span> <span class='ocrx_word' id='word_1_588' title='bbox 633 5142 764 5202; x_wconf 79' lang='lat' dir='ltr'><strong>feminini</strong></span> <span class='ocrx_word' id='word_1_589' title='bbox 776 5144 900 5216; x_wconf 79' lang='lat' dir='ltr'><strong>generis,</strong></span> <span class='ocrx_word' id='word_1_590' title='bbox 912 5146 954 5200; x_wconf 79' lang='lat' dir='ltr'><strong>vel</strong></span> <span class='ocrx_word' id='word_1_591' title='bbox 969 5145 1025 5200; x_wconf 87' lang='lat' dir='ltr'><strong>alin</strong></span> <span class='ocrx_word' id='word_1_592' title='bbox 1075 5149 1193 5200; x_wconf 90' lang='lat' dir='ltr'><strong>nuntur.</strong></span> <span class='ocrx_word' id='word_1_593' title='bbox 1210 5139 1373 5196; x_wconf 86' lang='lat' dir='ltr'><strong>Notandum</strong></span> <span class='ocrx_word' id='word_1_594' title='bbox 1387 5142 1486 5193; x_wconf 88' lang='lat' dir='ltr'><strong>tamen</strong></span> <span class='ocrx_word' id='word_1_595' title='bbox 1503 5135 1581 5209; x_wconf 88' lang='lat' dir='ltr'><strong>quod</strong></span> <span class='ocrx_word' id='word_1_596' title='bbox 1600 5135 1711 5200; x_wconf 78' lang='lat' dir='ltr'><strong>oblitio,</strong></span> <span class='ocrx_word' id='word_1_597' title='bbox 1725 5131 1747 5185; x_wconf 90' lang='lat' dir='ltr'><strong>si</strong></span> <span class='ocrx_word' id='word_1_598' title='bbox 1763 5147 1779 5183; x_wconf 88' lang='lat' dir='ltr'><strong>a</strong></span> <span class='ocrx_word' id='word_1_599' title='bbox 1793 5123 1868 5180; x_wconf 75' lang='lat' dir='ltr'><strong>aerbo</strong></span> 
     </span>
     <span class='ocr_line' id='line_1_56' title="bbox 223 5213 1869 5313; baseline -0.025 -2"><span class='ocrx_word' id='word_1_600' title='bbox 223 5255 345 5313; x_wconf 65' lang='lat' dir='ltr'>11¹¹quss</span> <span class='ocrx_word' id='word_1_601' title='bbox 355 5233 526 5292; x_wconf 59' lang='lat' dir='ltr'><strong>flammei</strong></span> <span class='ocrx_word' id='word_1_602' title='bbox 538 5233 689 5306; x_wconf 61' lang='lat' dir='ltr'><strong>Pl⁰d¹¹⁰lfli</strong></span> <span class='ocrx_word' id='word_1_603' title='bbox 704 5237 823 5306; x_wconf 79' lang='lat' dir='ltr'><strong>propter</strong></span> <span class='ocrx_word' id='word_1_604' title='bbox 835 5237 946 5290; x_wconf 90' lang='lat' dir='ltr'><strong>mutam</strong></span> <span class='ocrx_word' id='word_1_605' title='bbox 958 5233 1024 5290; x_wconf 88' lang='lat' dir='ltr'><strong>etli—</strong></span> <span class='ocrx_word' id='word_1_606' title='bbox 1075 5232 1258 5304; x_wconf 90' lang='lat' dir='ltr'><strong>componitur</strong></span> <span class='ocrx_word' id='word_1_607' title='bbox 1274 5229 1351 5302; x_wconf 76' lang='lat' dir='ltr'><strong>synod</strong></span> <span class='ocrx_word' id='word_1_608' title='bbox 1362 5229 1405 5283; x_wconf 88' lang='lat' dir='ltr'><strong>cst</strong></span> <span class='ocrx_word' id='word_1_609' title='bbox 1421 5227 1485 5294; x_wconf 84' lang='lat' dir='ltr'><strong>lino,</strong></span> <span class='ocrx_word' id='word_1_610' title='bbox 1498 5223 1665 5295; x_wconf 87' lang='lat' dir='ltr'><strong>corripitur.</strong></span> <span class='ocrx_word' id='word_1_611' title='bbox 1682 5222 1716 5276; x_wconf 85' lang='lat' dir='ltr'><strong>Et</strong></span> <span class='ocrx_word' id='word_1_612' title='bbox 1731 5219 1759 5273; x_wconf 94' lang='lat' dir='ltr'><strong>in</strong></span> <span class='ocrx_word' id='word_1_613' title='bbox 1776 5213 1869 5288; x_wconf 81' lang='lat' dir='ltr'><strong>quarta</strong></span> 
     </span>
     <span class='ocr_line' id='line_1_57' title="bbox 221 5306 1868 5402; baseline -0.018 -18"><span class='ocrx_word' id='word_1_614' title='bbox 221 5327 342 5402; x_wconf 86' lang='lat' dir='ltr'><strong>qnidam</strong></span> <span class='ocrx_word' id='word_1_615' title='bbox 353 5322 477 5381; x_wconf 79' lang='lat' dir='ltr'><strong>breviari</strong></span> <span class='ocrx_word' id='word_1_616' title='bbox 488 5339 547 5378; x_wconf 91' lang='lat' dir='ltr'><strong>non</strong></span> <span class='ocrx_word' id='word_1_617' title='bbox 556 5325 676 5394; x_wconf 90' lang='lat' dir='ltr'><strong>possunt</strong></span> <span class='ocrx_word' id='word_1_618' title='bbox 686 5323 744 5377; x_wconf 91' lang='lat' dir='ltr'><strong>ullo</strong></span> <span class='ocrx_word' id='word_1_619' title='bbox 760 5323 847 5378; x_wconf 89' lang='lat' dir='ltr'><strong>modo</strong></span> <span class='ocrx_word' id='word_1_620' title='bbox 858 5339 865 5390; x_wconf 90' lang='lat'><strong>;</strong></span> <span class='ocrx_word' id='word_1_621' title='bbox 875 5323 929 5378; x_wconf 91' lang='lat' dir='ltr'><strong>boc</strong></span> <span class='ocrx_word' id='word_1_622' title='bbox 945 5323 1023 5378; x_wconf 90' lang='lat' dir='ltr'><strong>cnim</strong></span> <span class='ocrx_word' id='word_1_623' title='bbox 1074 5325 1188 5377; x_wconf 82' lang='lat' dir='ltr'><strong>tantirm</strong></span> <span class='ocrx_word' id='word_1_624' title='bbox 1202 5317 1397 5389; x_wconf 88' lang='lat' dir='ltr'><strong>corripiuntur</strong></span> <span class='ocrx_word' id='word_1_625' title='bbox 1412 5314 1479 5382; x_wconf 89' lang='lat' dir='ltr'><strong>duo,</strong></span> <span class='ocrx_word' id='word_1_626' title='bbox 1496 5330 1561 5386; x_wconf 83' lang='lat' dir='ltr'><strong>qneo</strong></span> <span class='ocrx_word' id='word_1_627' title='bbox 1575 5312 1665 5366; x_wconf 93' lang='lat' dir='ltr'><strong>simul</strong></span> <span class='ocrx_word' id='word_1_628' title='bbox 1681 5313 1711 5365; x_wconf 86' lang='lat' dir='ltr'><strong>et</strong></span> <span class='ocrx_word' id='word_1_629' title='bbox 1725 5324 1763 5372; x_wconf 85' lang='lat' dir='ltr'><strong>co,</strong></span> <span class='ocrx_word' id='word_1_630' title='bbox 1775 5306 1801 5358; x_wconf 89' lang='lat' dir='ltr'><strong>et</strong></span> <span class='ocrx_word' id='word_1_631' title='bbox 1814 5313 1868 5371; x_wconf 85' lang='lat' dir='ltr'><strong>quae</strong></span> 
     </span>
     <span class='ocr_line' id='line_1_58' title="bbox 219 5395 1867 5492; baseline -0.022 -18"><span class='ocrx_word' id='word_1_632' title='bbox 219 5415 362 5492; x_wconf 77' lang='lat' dir='ltr'><strong>signifieat</strong></span> <span class='ocrx_word' id='word_1_633' title='bbox 371 5412 501 5470; x_wconf 84' lang='lat' dir='ltr'><strong>conditio</strong></span> <span class='ocrx_word' id='word_1_634' title='bbox 511 5411 680 5484; x_wconf 86' lang='lat' dir='ltr'><strong>apposita,si</strong></span> <span class='ocrx_word' id='word_1_635' title='bbox 691 5411 872 5484; x_wconf 88' lang='lat' dir='ltr'><strong>talissyllaba</strong></span> <span class='ocrx_word' id='word_1_636' title='bbox 880 5411 1022 5484; x_wconf 89' lang='lat' dir='ltr'><strong>positione</strong></span> <span class='ocrx_word' id='word_1_637' title='bbox 1074 5427 1106 5465; x_wconf 81' lang='lat' dir='ltr'><strong>ex</strong></span> <span class='ocrx_word' id='word_1_638' title='bbox 1126 5408 1170 5464; x_wconf 89' lang='lat' dir='ltr'><strong>bis</strong></span> <span class='ocrx_word' id='word_1_639' title='bbox 1190 5409 1414 5479; x_wconf 86' lang='lat' dir='ltr'><strong>componuntnr,</strong></span> <span class='ocrx_word' id='word_1_640' title='bbox 1439 5407 1469 5457; x_wconf 91' lang='lat' dir='ltr'><strong>ut</strong></span> <span class='ocrx_word' id='word_1_641' title='bbox 1490 5418 1528 5468; x_wconf 89' lang='lat' dir='ltr'><strong>eo,</strong></span> <span class='ocrx_word' id='word_1_642' title='bbox 1546 5403 1620 5466; x_wconf 84' lang='lat' dir='ltr'><strong>itns,·</strong></span> <span class='ocrx_word' id='word_1_643' title='bbox 1638 5415 1711 5464; x_wconf 77' lang='lat' dir='ltr'><strong>ereo,</strong></span> <span class='ocrx_word' id='word_1_644' title='bbox 1734 5395 1825 5453; x_wconf 75' lang='lat' dir='ltr'><strong>exitus,</strong></span> <span class='ocrx_word' id='word_1_645' title='bbox 1840 5400 1867 5440; x_wconf 83' lang='grc' dir='ltr'><strong>ιι</strong></span> 
     </span>
     <span class='ocr_line' id='line_1_59' title="bbox 217 5477 1868 5580; baseline -0.024 -15"><span class='ocrx_word' id='word_1_646' title='bbox 217 5506 363 5580; x_wconf 81' lang='lat' dir='ltr'><strong>longasit,</strong></span> <span class='ocrx_word' id='word_1_647' title='bbox 378 5503 529 5559; x_wconf 89' lang='lat' dir='ltr'><strong>accentum</strong></span> <span class='ocrx_word' id='word_1_648' title='bbox 544 5501 573 5556; x_wconf 93' lang='lat' dir='ltr'><strong>iu</strong></span> <span class='ocrx_word' id='word_1_649' title='bbox 589 5501 819 5575; x_wconf 89' lang='lat' dir='ltr'><strong>antepenultima</strong></span> <span class='ocrx_word' id='word_1_650' title='bbox 834 5501 950 5557; x_wconf 88' lang='lat' dir='ltr'><strong>mutari.</strong></span> <span class='ocrx_word' id='word_1_651' title='bbox 1074 5496 1308 5572; x_wconf 84' lang='lat' dir='ltr'><strong>quibusrcrbalin</strong></span> <span class='ocrx_word' id='word_1_652' title='bbox 1328 5512 1384 5548; x_wconf 87' lang='lat' dir='ltr'><strong>mm</strong></span> <span class='ocrx_word' id='word_1_653' title='bbox 1398 5493 1462 5550; x_wconf 72' lang='lat' dir='ltr'><strong>leni.</strong></span> <span class='ocrx_word' id='word_1_654' title='bbox 1482 5491 1609 5561; x_wconf 76' lang='lat' dir='ltr'><strong>lienique</strong></span> <span class='ocrx_word' id='word_1_655' title='bbox 1626 5489 1649 5542; x_wconf 92' lang='lat' dir='ltr'><strong>si</strong></span> <span class='ocrx_word' id='word_1_656' title='bbox 1667 5505 1685 5542; x_wconf 87' lang='grc' dir='ltr'><strong>ιι</strong></span> <span class='ocrx_word' id='word_1_657' title='bbox 1701 5488 1767 5540; x_wconf 88' lang='lat' dir='ltr'><strong>ante</strong></span> <span class='ocrx_word' id='word_1_658' title='bbox 1779 5487 1816 5534; x_wconf 81' lang='lat' dir='ltr'><strong>tto</strong></span> <span class='ocrx_word' id='word_1_659' title='bbox 1827 5477 1868 5567; x_wconf 27' lang='grc' dir='ltr'>[ιι.-</span> 
     </span>
    </p>

    <p class='ocr_par' dir='ltr' id='par_1_8' title="bbox 250 5569 1866 5665">
     <span class='ocr_line' id='line_1_60' title="bbox 250 5569 1866 5665; baseline -0.019 -11"><span class='ocrx_word' id='word_1_660' title='bbox 250 5591 931 5665; x_wconf 72' lang='lat' dir='ltr'><strong>ilSednaturaexomplorumponullirnnlongar</strong></span> <span class='ocrx_word' id='word_1_661' title='bbox 945 5595 1019 5659; x_wconf 77' lang='lat' dir='ltr'><strong>stilti,</strong></span> <span class='ocrx_word' id='word_1_662' title='bbox 1074 5588 1167 5646; x_wconf 87' lang='lat' dir='ltr'><strong>buerit</strong></span> <span class='ocrx_word' id='word_1_663' title='bbox 1181 5587 1258 5642; x_wconf 84' lang='lat' dir='ltr'><strong>idem</strong></span> <span class='ocrx_word' id='word_1_664' title='bbox 1276 5586 1465 5660; x_wconf 73' lang='lat' dir='ltr'><strong>ynnclcritnm,</strong></span> <span class='ocrx_word' id='word_1_665' title='bbox 1490 5585 1556 5636; x_wconf 69' lang='lat' dir='ltr'><strong>toric</strong></span> <span class='ocrx_word' id='word_1_666' title='bbox 1577 5577 1712 5648; x_wconf 70' lang='lat' dir='ltr'><strong>cyriadem</strong></span> <span class='ocrx_word' id='word_1_667' title='bbox 1740 5569 1866 5645; x_wconf 68' lang='lat' dir='ltr'><strong>praelusit</strong></span> 
     </span>
    </p>
   </div>
   <div class='ocr_carea' id='block_1_7' title="bbox 1038 2689 1865 3921">
    <p class='ocr_par' dir='ltr' id='par_1_9' title="bbox 1038 2689 1862 3654">
     <span class='ocr_line' id='line_1_61' title="bbox 1435 2689 1860 2769; baseline -0.024 -17"><span class='ocrx_word' id='word_1_668' title='bbox 1435 2697 1504 2752; x_wconf 88' lang='lat' dir='ltr'><strong>satis</strong></span> <span class='ocrx_word' id='word_1_669' title='bbox 1516 2696 1689 2769; x_wconf 81' lang='lat' dir='ltr'><strong>regulariter</strong></span> <span class='ocrx_word' id='word_1_670' title='bbox 1701 2695 1759 2766; x_wconf 87' lang='lat' dir='ltr'><strong>ejus</strong></span> <span class='ocrx_word' id='word_1_671' title='bbox 1778 2689 1860 2763; x_wconf 88' lang='lat' dir='ltr'><strong>penul-</strong></span> 
     </span>
     <span class='ocr_line' id='line_1_62' title="bbox 1358 2778 1861 2856; baseline -0.022 -14"><span class='ocrx_word' id='word_1_672' title='bbox 1358 2787 1428 2842; x_wconf 90' lang='lat' dir='ltr'><strong>dum</strong></span> <span class='ocrx_word' id='word_1_673' title='bbox 1443 2786 1479 2841; x_wconf 90' lang='lat' dir='ltr'><strong>de</strong></span> <span class='ocrx_word' id='word_1_674' title='bbox 1494 2785 1673 2841; x_wconf 85' lang='lat' dir='ltr'><strong>nominativo</strong></span> <span class='ocrx_word' id='word_1_675' title='bbox 1687 2782 1816 2856; x_wconf 86' lang='lat' dir='ltr'><strong>producto</strong></span> <span class='ocrx_word' id='word_1_676' title='bbox 1828 2778 1861 2848; x_wconf 89' lang='lat' dir='ltr'><strong>ip·</strong></span> 
     </span>
     <span class='ocr_line' id='line_1_63' title="bbox 1078 2867 1862 2945; baseline -0.014 -16"><span class='ocrx_word' id='word_1_677' title='bbox 1078 2891 1143 2930; x_wconf 90' lang='lat' dir='ltr'><strong>sum</strong></span> <span class='ocrx_word' id='word_1_678' title='bbox 1164 2876 1257 2931; x_wconf 90' lang='lat' dir='ltr'><strong>solum</strong></span> <span class='ocrx_word' id='word_1_679' title='bbox 1285 2875 1418 2930; x_wconf 89' lang='lat' dir='ltr'><strong>babetur.</strong></span> <span class='ocrx_word' id='word_1_680' title='bbox 1452 2874 1524 2929; x_wconf 89' lang='lat' dir='ltr'><strong>Nam</strong></span> <span class='ocrx_word' id='word_1_681' title='bbox 1549 2873 1690 2945; x_wconf 87' lang='lat' dir='ltr'><strong>syllabam</strong></span> <span class='ocrx_word' id='word_1_682' title='bbox 1711 2867 1862 2925; x_wconf 87' lang='lat' dir='ltr'><strong>naturaliter</strong></span> 
     </span>
     <span class='ocr_line' id='line_1_64' title="bbox 1077 2955 1859 3036; baseline -0.014 -17"><span class='ocrx_word' id='word_1_683' title='bbox 1077 2963 1250 3036; x_wconf 91' lang='lat' dir='ltr'><strong>productam</strong></span> <span class='ocrx_word' id='word_1_684' title='bbox 1267 2979 1409 3034; x_wconf 90' lang='lat' dir='ltr'><strong>nusquam</strong></span> <span class='ocrx_word' id='word_1_685' title='bbox 1426 2962 1454 3018; x_wconf 93' lang='lat' dir='ltr'><strong>in</strong></span> <span class='ocrx_word' id='word_1_686' title='bbox 1477 2965 1570 3016; x_wconf 87' lang='lat' dir='ltr'><strong>metro</strong></span> <span class='ocrx_word' id='word_1_687' title='bbox 1592 2963 1753 3033; x_wconf 87' lang='lat' dir='ltr'><strong>correptam</strong></span> <span class='ocrx_word' id='word_1_688' title='bbox 1772 2971 1813 3012; x_wconf 85' lang='lat' dir='ltr'><strong>me</strong></span> <span class='ocrx_word' id='word_1_689' title='bbox 1826 2955 1859 3008; x_wconf 88' lang='lat' dir='ltr'><strong>lc·</strong></span> 
     </span>
     <span class='ocr_line' id='line_1_65' title="bbox 1038 3045 1860 3126; baseline -0.015 -19"><span class='ocrx_word' id='word_1_690' title='bbox 1038 3067 1061 3126; x_wconf 71' lang='lat' dir='ltr'><strong>(y</strong></span> <span class='ocrx_word' id='word_1_691' title='bbox 1079 3052 1152 3124; x_wconf 78' lang='lat' dir='ltr'><strong>gissa</strong></span> <span class='ocrx_word' id='word_1_692' title='bbox 1167 3051 1300 3118; x_wconf 88' lang='lat' dir='ltr'><strong>memini,</strong></span> <span class='ocrx_word' id='word_1_693' title='bbox 1317 3051 1370 3106; x_wconf 92' lang='lat' dir='ltr'><strong>nisi</strong></span> <span class='ocrx_word' id='word_1_694' title='bbox 1388 3066 1440 3122; x_wconf 89' lang='lat' dir='ltr'><strong>per</strong></span> <span class='ocrx_word' id='word_1_695' title='bbox 1454 3050 1579 3122; x_wconf 82' lang='lat' dir='ltr'><strong>liguram</strong></span> <span class='ocrx_word' id='word_1_696' title='bbox 1602 3049 1726 3120; x_wconf 88' lang='lat' dir='ltr'><strong>systolen</strong></span> <span class='ocrx_word' id='word_1_697' title='bbox 1739 3063 1745 3114; x_wconf 89' lang='lat'><strong>;</strong></span> <span class='ocrx_word' id='word_1_698' title='bbox 1760 3045 1860 3114; x_wconf 84' lang='lat' dir='ltr'><strong>excepto</strong></span> 
     </span>
     <span class='ocr_line' id='line_1_66' title="bbox 1078 3131 1859 3212; baseline -0.018 -17"><span class='ocrx_word' id='word_1_699' title='bbox 1078 3140 1191 3212; x_wconf 89' lang='lat' dir='ltr'><strong>quoties</strong></span> <span class='ocrx_word' id='word_1_700' title='bbox 1206 3140 1312 3194; x_wconf 81' lang='lat' dir='ltr'><strong>vocalis</strong></span> <span class='ocrx_word' id='word_1_701' title='bbox 1324 3143 1391 3194; x_wconf 89' lang='lat' dir='ltr'><strong>ante</strong></span> <span class='ocrx_word' id='word_1_702' title='bbox 1411 3140 1538 3194; x_wconf 84' lang='lat' dir='ltr'><strong>vocalem</strong></span> <span class='ocrx_word' id='word_1_703' title='bbox 1554 3136 1733 3211; x_wconf 92' lang='lat' dir='ltr'><strong>producitur,</strong></span> <span class='ocrx_word' id='word_1_704' title='bbox 1747 3137 1776 3188; x_wconf 91' lang='lat' dir='ltr'><strong>ut</strong></span> <span class='ocrx_word' id='word_1_705' title='bbox 1786 3131 1859 3195; x_wconf 83' lang='lat' dir='ltr'><strong>illins,</strong></span> 
     </span>
     <span class='ocr_line' id='line_1_67' title="bbox 1076 3221 1859 3301; baseline -0.015 -17"><span class='ocrx_word' id='word_1_706' title='bbox 1076 3230 1172 3297; x_wconf 78' lang='lat' dir='ltr'><strong>tinius,</strong></span> <span class='ocrx_word' id='word_1_707' title='bbox 1184 3229 1246 3296; x_wconf 86' lang='lat' dir='ltr'><strong>diei,</strong></span> <span class='ocrx_word' id='word_1_708' title='bbox 1255 3230 1350 3300; x_wconf 84' lang='lat' dir='ltr'><strong>speciei</strong></span> <span class='ocrx_word' id='word_1_709' title='bbox 1358 3246 1366 3296; x_wconf 65' lang='grc' dir='ltr'>ς</span> <span class='ocrx_word' id='word_1_710' title='bbox 1381 3228 1524 3301; x_wconf 88' lang='lat' dir='ltr'><strong>siquidem</strong></span> <span class='ocrx_word' id='word_1_711' title='bbox 1538 3226 1667 3282; x_wconf 84' lang='lat' dir='ltr'><strong>verbalia</strong></span> <span class='ocrx_word' id='word_1_712' title='bbox 1680 3221 1805 3280; x_wconf 84' lang='lat' dir='ltr'><strong>feminini</strong></span> <span class='ocrx_word' id='word_1_713' title='bbox 1819 3235 1859 3290; x_wconf 79' lang='lat' dir='ltr'><strong>gc·</strong></span> 
     </span>
     <span class='ocr_line' id='line_1_68' title="bbox 1077 3307 1861 3390; baseline -0.017 -17"><span class='ocrx_word' id='word_1_714' title='bbox 1077 3317 1154 3373; x_wconf 90' lang='lat' dir='ltr'><strong>neris</strong></span> <span class='ocrx_word' id='word_1_715' title='bbox 1169 3317 1318 3390; x_wconf 88' lang='lat' dir='ltr'><strong>producta,</strong></span> <span class='ocrx_word' id='word_1_716' title='bbox 1335 3321 1366 3372; x_wconf 89' lang='lat' dir='ltr'><strong>ut</strong></span> <span class='ocrx_word' id='word_1_717' title='bbox 1380 3333 1467 3389; x_wconf 84' lang='lat' dir='ltr'><strong>supra</strong></span> <span class='ocrx_word' id='word_1_718' title='bbox 1481 3315 1548 3383; x_wconf 83' lang='lat' dir='ltr'><strong>dixi,</strong></span> <span class='ocrx_word' id='word_1_719' title='bbox 1562 3313 1736 3371; x_wconf 88' lang='lat' dir='ltr'><strong>nullomodo</strong></span> <span class='ocrx_word' id='word_1_720' title='bbox 1751 3307 1861 3366; x_wconf 83' lang='lat' dir='ltr'><strong>invenie·</strong></span> 
     </span>
     <span class='ocr_line' id='line_1_69' title="bbox 1076 3395 1861 3478; baseline -0.017 -18"><span class='ocrx_word' id='word_1_721' title='bbox 1076 3405 1113 3460; x_wconf 90' lang='lat' dir='ltr'><strong>tis</strong></span> <span class='ocrx_word' id='word_1_722' title='bbox 1128 3405 1234 3478; x_wconf 89' lang='lat' dir='ltr'><strong>corripi</strong></span> <span class='ocrx_word' id='word_1_723' title='bbox 1251 3420 1352 3461; x_wconf 88' lang='lat' dir='ltr'><strong>eorum</strong></span> <span class='ocrx_word' id='word_1_724' title='bbox 1368 3409 1497 3460; x_wconf 85' lang='lat' dir='ltr'><strong>extrema</strong></span> <span class='ocrx_word' id='word_1_725' title='bbox 1512 3403 1634 3475; x_wconf 86' lang='lat' dir='ltr'><strong>syllaba,</strong></span> <span class='ocrx_word' id='word_1_726' title='bbox 1649 3399 1782 3474; x_wconf 92' lang='lat' dir='ltr'><strong>quoniam</strong></span> <span class='ocrx_word' id='word_1_727' title='bbox 1797 3395 1861 3450; x_wconf 85' lang='lat' dir='ltr'><strong>tbe·</strong></span> 
     </span>
     <span class='ocr_line' id='line_1_70' title="bbox 1076 3485 1860 3566; baseline -0.013 -18"><span class='ocrx_word' id='word_1_728' title='bbox 1076 3493 1148 3549; x_wconf 85' lang='lat' dir='ltr'><strong>bant</strong></span> <span class='ocrx_word' id='word_1_729' title='bbox 1162 3497 1230 3550; x_wconf 89' lang='lat' dir='ltr'><strong>ante</strong></span> <span class='ocrx_word' id='word_1_730' title='bbox 1245 3497 1287 3548; x_wconf 76' lang='lat' dir='ltr'><strong>ria</strong></span> <span class='ocrx_word' id='word_1_731' title='bbox 1302 3493 1438 3566; x_wconf 69' lang='lat' dir='ltr'><strong>praeteriti</strong></span> <span class='ocrx_word' id='word_1_732' title='bbox 1454 3491 1598 3564; x_wconf 85' lang='lat' dir='ltr'><strong>participii</strong></span> <span class='ocrx_word' id='word_1_733' title='bbox 1613 3487 1766 3545; x_wconf 86' lang='lat' dir='ltr'><strong>desinentis</strong></span> <span class='ocrx_word' id='word_1_734' title='bbox 1778 3485 1803 3539; x_wconf 88' lang='lat' dir='ltr'><strong>in</strong></span> <span class='ocrx_word' id='word_1_735' title='bbox 1816 3491 1860 3538; x_wconf 81' lang='lat' dir='ltr'><strong>tiu.</strong></span> 
     </span>
     <span class='ocr_line' id='line_1_71' title="bbox 1110 3575 1862 3654; baseline -0.015 -16"><span class='ocrx_word' id='word_1_736' title='bbox 1110 3585 1136 3638; x_wconf 84' lang='lat'><strong>4.</strong></span> <span class='ocrx_word' id='word_1_737' title='bbox 1153 3585 1177 3636; x_wconf 83' lang='grc' dir='ltr'><strong>Α</strong></span> <span class='ocrx_word' id='word_1_738' title='bbox 1193 3583 1295 3654; x_wconf 90' lang='lat' dir='ltr'><strong>quibus</strong></span> <span class='ocrx_word' id='word_1_739' title='bbox 1309 3581 1443 3637; x_wconf 89' lang='lat' dir='ltr'><strong>oriuntur</strong></span> <span class='ocrx_word' id='word_1_740' title='bbox 1455 3579 1509 3635; x_wconf 82' lang='lat' dir='ltr'><strong>ista</strong></span> <span class='ocrx_word' id='word_1_741' title='bbox 1523 3579 1661 3645; x_wconf 80' lang='lat' dir='ltr'><strong>verbalia,</strong></span> <span class='ocrx_word' id='word_1_742' title='bbox 1669 3575 1812 3633; x_wconf 88' lang='lat' dir='ltr'><strong>ostendam</strong></span> <span class='ocrx_word' id='word_1_743' title='bbox 1822 3585 1862 3624; x_wconf 80' lang='grc' dir='ltr'><strong>ιο-</strong></span> 
     </span>
    </p>

    <p class='ocr_par' dir='ltr' id='par_1_10' title="bbox 1075 3661 1865 3921">
     <span class='ocr_line' id='line_1_72' title="bbox 1076 3661 1861 3743; baseline -0.019 -17"><span class='ocrx_word' id='word_1_744' title='bbox 1076 3670 1120 3726; x_wconf 92' lang='lat' dir='ltr'><strong>bis</strong></span> <span class='ocrx_word' id='word_1_745' title='bbox 1135 3672 1259 3743; x_wconf 80' lang='lat' dir='ltr'><strong>regulas.</strong></span> <span class='ocrx_word' id='word_1_746' title='bbox 1277 3669 1537 3742; x_wconf 82' lang='lat' dir='ltr'><strong>Exceptisquatuor</strong></span> <span class='ocrx_word' id='word_1_747' title='bbox 1548 3666 1719 3739; x_wconf 89' lang='lat' dir='ltr'><strong>participiis,</strong></span> <span class='ocrx_word' id='word_1_748' title='bbox 1735 3678 1794 3736; x_wconf 87' lang='lat' dir='ltr'><strong>quae</strong></span> <span class='ocrx_word' id='word_1_749' title='bbox 1805 3661 1861 3714; x_wconf 90' lang='lat' dir='ltr'><strong>sunt</strong></span> 
     </span>
     <span class='ocr_line' id='line_1_73' title="bbox 1075 3747 1865 3829; baseline -0.016 -15"><span class='ocrx_word' id='word_1_750' title='bbox 1075 3767 1159 3828; x_wconf 85' lang='lat' dir='ltr'><strong>satus,</strong></span> <span class='ocrx_word' id='word_1_751' title='bbox 1171 3767 1256 3828; x_wconf 81' lang='lat' dir='ltr'><strong>rotas,</strong></span> <span class='ocrx_word' id='word_1_752' title='bbox 1270 3758 1464 3826; x_wconf 65' lang='lat' dir='ltr'><strong>statuerimus,</strong></span> <span class='ocrx_word' id='word_1_753' title='bbox 1479 3757 1593 3829; x_wconf 90' lang='lat' dir='ltr'><strong>reliqua</strong></span> <span class='ocrx_word' id='word_1_754' title='bbox 1604 3754 1705 3812; x_wconf 88' lang='lat' dir='ltr'><strong>omnia</strong></span> <span class='ocrx_word' id='word_1_755' title='bbox 1718 3747 1865 3808; x_wconf 85' lang='lat' dir='ltr'><strong>babentiao</strong></span> 
     </span>
     <span class='ocr_line' id='line_1_74' title="bbox 1077 3835 1864 3921; baseline -0.013 -16"><span class='ocrx_word' id='word_1_756' title='bbox 1077 3855 1144 3905; x_wconf 89' lang='lat' dir='ltr'><strong>aute</strong></span> <span class='ocrx_word' id='word_1_757' title='bbox 1161 3857 1203 3904; x_wconf 82' lang='lat' dir='ltr'><strong>tus</strong></span> <span class='ocrx_word' id='word_1_758' title='bbox 1219 3849 1247 3904; x_wconf 95' lang='lat' dir='ltr'><strong>in</strong></span> <span class='ocrx_word' id='word_1_759' title='bbox 1264 3847 1412 3920; x_wconf 75' lang='lat' dir='ltr'><strong>praeterito</strong></span> <span class='ocrx_word' id='word_1_760' title='bbox 1423 3845 1634 3921; x_wconf 89' lang='lat' dir='ltr'><strong>producuntur,</strong></span> <span class='ocrx_word' id='word_1_761' title='bbox 1646 3835 1864 3904; x_wconf 70' lang='lat' dir='ltr'><strong>stainansunde</strong></span> 
     </span>
    </p>
   </div>
   <div class='ocr_carea' id='block_1_8' title="bbox 0 0 1946 6168">
    <p class='ocr_par' dir='ltr' id='par_1_11' title="bbox 0 0 1946 6168">
     <span class='ocr_line' id='line_1_75' title="bbox 0 0 1946 6168; baseline 0 0"><span class='ocrx_word' id='word_1_762' title='bbox 0 0 1946 6168; x_wconf 95' lang='lat' dir='ltr'><strong> </strong></span> 
     </span>
    </p>
   </div>
  </div>
 </body>
</html>
