3932 6174
116 451 117 463 ,
224 413 276 469 993
825 399 992 462 IOHANNIS
1005 401 1147 462 Draconi
1160 402 1296 463 vertam.
1789 415 1831 473 tlt

224 539 275 589 tao
291 530 408 588 stefano
423 527 589 600 Colopriuo,
599 528 734 600 augusta,
760 527 903 599 praecibus
922 524 1065 598 UgouisA
1079 525 1250 583 croatorum
1264 527 1430 584 sclavorum
1456 525 1633 610 oppressione
1652 531 1709 587 suc's
1725 533 1833 604 potenter

225 620 357 677 videlicet
372 617 548 674 marchionis
561 617 725 684 constricta,
744 616 818 672 tilios
833 631 898 671 cum
912 615 1028 688 quibus·
1078 614 1226 684 liberavit;
1239 615 1342 689 quibus
1354 617 1443 673 etiam
1455 617 1571 674 solitum
1581 619 1835 691 censumltllprinos

226 709 293 766 dam
312 707 373 763 aliis
385 707 442 762 suis
467 707 652 780 preeuntibus
677 706 785 762 nuntiis
813 706 850 760 ad
869 705 1028 760 Tribunum
1079 705 1149 760 dare
1165 706 1323 764 interdixit.
1342 706 1413 762 Cum
1424 705 1526 762 italicis
1539 723 1604 762 uero
1617 706 1771 781 principibus
1783 709 1837 764 ami-

226 799 328 854 ducem
345 796 508 866 destinavit,
525 796 660 868 quatinus
674 794 810 868 quicquid
826 794 879 850 sibi
900 795 944 849 vel
965 795 1029 866 qni·
1080 794 1157 850 ciriae
1170 795 1278 851 loedere
1293 797 1444 868 copulatus
1458 811 1572 867 semper
1579 795 1705 851 mansisse
1717 797 1836 868 probatur.

226 886 351 942 buslibet
365 886 429 941 aliis
440 901 573 958 perverse
589 885 785 958 deliquissent,
799 899 849 940 suo
865 885 1030 940 amoreve·
1079 883 1188 938 Tamen
1203 884 1225 938 si
1249 884 1313 956 quis
1332 885 1437 940 horum
1461 883 1557 957 aliqua
1579 883 1689 956 stipatus
1707 885 1839 942 temeritate

226 976 394 1032 nectamur
417 976 554 1048 consequi
577 978 771 1030 mererentur.
796 973 938 1029 Tribunus
962 989 1029 1028 vero
1080 973 1138 1029 suis
1153 973 1301 1045 quoddam
1314 975 1492 1031 honerosum
1504 975 1645 1048 pluspacti
1657 975 1757 1030 decreto
1766 977 1840 1047 impo-

226 1063 282 1120 dux
295 1079 473 1138 quamquam
486 1064 592 1120 invitus
615 1067 714 1120 tamen
739 1061 930 1134 imperatricis
949 1061 1030 1133 jussu
1082 1077 1152 1117 nere
1165 1062 1310 1135 voluisset,
1326 1063 1446 1119 viriliter
1466 1063 1628 1119 obsistendo
1645 1062 1685 1118 sui
1704 1076 1803 1136 compes
1818 1061 1840 1118 in

228 1155 258 1209 et
270 1167 367 1225 prece,
380 1154 506 1226 gratiam
521 1153 607 1208 simul
623 1145 651 1208 et
666 1151 792 1224 patriam
812 1151 867 1206 illis
882 1150 1031 1216 concessit,
1083 1150 1784 1226 omuibusmanebat.Quiddicam‘lpropriosaquo
1794 1165 1842 1206 mo·

226 1245 256 1298 et
269 1242 387 1315 insuper
402 1259 438 1298 ne
453 1243 490 1298 ab
506 1242 607 1314 aliquis
622 1241 808 1297 inimicorum
827 1243 938 1295 temere
959 1239 1034 1296 occi·
1083 1241 1233 1298 deramine
1247 1241 1448 1314 aequitatisque
1461 1240 1570 1298 trutina
1587 1257 1695 1315 preesse
1712 1239 1842 1313 satagebat;

228 1331 376 1400 derentur,
387 1335 523 1404 quattuor
529 1331 708 1402 juratoribus
718 1332 964 1386 sacramentorum
976 1329 1034 1385 ilde
1084 1331 1213 1386 extranei
1229 1346 1296 1388 vero
1312 1347 1370 1388 suae
1390 1329 1589 1388 resistentibus
1603 1325 1700 1387 ditioni
1712 1327 1844 1385 vicissitudi·

227 1420 345 1488 muniti,
368 1420 460 1475 securi
480 1421 511 1475 in
534 1420 629 1492 patria
652 1419 849 1493 persisterunt.
874 1418 1034 1475 llaureceni
1085 1436 1153 1475 nem
1168 1421 1418 1494 recompensabat.
1431 1421 1538 1487 Quibus
1548 1428 1646 1477 tamen
1657 1417 1766 1475 fortunis
1776 1415 1845 1472 Vene-

230 1525 300 1564 sane
316 1509 395 1564 taciti
412 1510 466 1565 boc
479 1512 575 1566 totum
599 1509 825 1577 considerantes,
845 1507 968 1564 tirmiter
986 1525 1035 1582 pa·
1085 1510 1129 1567 cia
1142 1509 1198 1566 suis
1213 1509 1314 1566 diebus
1329 1509 1441 1580 claruit,
1458 1511 1532 1567 serie
1549 1509 1670 1583 prodere
1684 1505 1801 1564 conabor.
1816 1505 1845 1560 To

229 1597 321 1652 rantis
335 1600 461 1654 mortem
477 1597 624 1654 vindicare
637 1597 836 1653 decreverunt.
854 1596 1035 1669 Quapropter
1084 1615 1211 1672 namquo
1245 1602 1378 1671 tempore
1405 1599 1558 1656 Gradensis
1580 1597 1683 1664 civitas,
1704 1611 1760 1668 qia
1781 1593 1846 1648 totius

229 1685 299 1741 dum
315 1685 441 1759 quadam
462 1686 524 1742 dies
539 1689 597 1742 tres
618 1687 731 1753 iratres,
754 1686 863 1742 Stelani
887 1685 1033 1757 Coloprini
1085 1707 1166 1746 novae
1180 1687 1306 1747 Venetiae
1323 1689 1492 1762 metropolis
1515 1690 1578 1744 iore
1593 1683 1766 1759 dignoscitur,
1779 1687 1847 1738 reuss

230 1775 300 1844 nati,
318 1776 354 1831 de
369 1777 475 1849 palatio
494 1777 579 1834 solito
590 1779 696 1833 vellent
720 1777 841 1833 domum
861 1793 949 1849 parva
972 1780 1034 1832 rate
1085 1783 1142 1835 tate
1156 1797 1189 1835 cx
1205 1781 1332 1835 maxima
1347 1782 1428 1852 parte
1443 1779 1617 1850 consumpta
1627 1775 1846 1844 videbatur,quan

230 1863 337 1934 redire,
359 1881 376 1920 a
395 1869 532 1938 quattuor
555 1865 731 1922 llaurocenis
752 1864 930 1939 interempti,
953 1857 1034 1921 rivoli
1046 1857 1071 1916 B
1083 1867 1236 1940 praedictus
1246 1868 1381 1942 princeps
1394 1868 1431 1924 ad
1440 1867 1503 1940 ipsc
1513 1864 1679 1924 laudamine
1688 1861 1722 1920 ad
1730 1876 1849 1936 propung-

227 1951 326 2008 latices
340 1954 458 2028 proprio
475 1956 757 2011 cruoreintecerunt.
769 1954 898 2019 Quorum
912 1969 1035 2028 corpora
1084 1957 1253 2013 necatorum
1269 1973 1358 2030 usque
1372 1955 1575 2012 summitatem
1596 1949 1772 2010 munitissime
1788 1963 1849 2004 reno

227 2043 388 2115 aquodam
404 2061 455 2100 suo
470 2043 589 2100 homine
603 2045 639 2100 do
656 2044 766 2117 limpha
788 2045 910 2112 sublata,
932 2044 1033 2100 orbate
1083 2045 1168 2116 varit,
1185 2046 1363 2118 domumque
1372 2044 1522 2119 propriam
1535 2043 1567 2100 in
1584 2043 1705 2115 eajuxta
1719 2037 1850 2098 occidenta-

227 2131 368 2204 gcnetrici
397 2137 483 2206 atque
511 2134 682 2207 conjugibus
712 2135 807 2190 delata
832 2136 908 2189 sunt.
938 2134 1034 2188 Altera
1082 2136 1142 2191 lem
1164 2134 1268 2190 turrim
1281 2133 1416 2191 edificare
1430 2133 1509 2202 fecit,
1525 2131 1652 2206 parietes
1669 2130 1749 2187 etiam
1765 2143 1805 2183 seu
1817 2142 1850 2180 cc·

228 2237 294 2278 rero
308 2221 354 2279 die
369 2223 399 2278 in
420 2223 511 2279 saneti
530 2223 673 2280 Zachariae
688 2224 866 2280 monasterio
890 2227 1034 2281 tumulata
1083 2223 1236 2279 etesiarum
1249 2223 1396 2296 laquearia
1416 2237 1549 2279 recreare
1566 2219 1748 2278 libentissime
1759 2214 1850 2272 studuit.

228 2314 349 2366 sunt¹⁰⁷.
366 2312 494 2377 Quorum
511 2313 567 2368 duo
584 2313 648 2369 laici
658 2314 791 2382 luerunt;
806 2313 908 2369 tertius
923 2317 1031 2383 autern,
1081 2313 1166 2386 Apud
1181 2313 1331 2369 Civitatem
1345 2308 1465 2385 quidem
1480 2327 1600 2380 novem,
1616 2327 1679 2384 quae
1692 2305 1852 2365 socamrllra·

229 2399 259 2455 id
283 2404 326 2455 cst
347 2402 503 2470 lohannes,
529 2403 677 2458 clericatus
698 2402 785 2458 officii
806 2406 914 2459 sortem
934 2403 1031 2474 gessit.
1083 2403 1187 2468 cliana,
1197 2401 1323 2474 pulchre
1339 2399 1475 2473 imaginis
1489 2399 1614 2456 domum
1629 2415 1686 2455 una
1696 2411 1757 2454 cum
1770 2391 1852 2468 capella

228 2487 306 2545 Licet
321 2490 376 2545 dux
391 2491 427 2546 ab
441 2491 638 2563 hujuscemodi
653 2493 734 2548 nelas
749 2509 778 2547 se
788 2491 941 2548 inmunem
967 2494 1034 2549 rod·
1083 2496 1144 2566 ipso
1158 2491 1321 2564 eodemque
1341 2493 1474 2563 tempore
1493 2505 1673 2564 componere
1685 2487 1756 2543 iecit.

228 2576 701 2653 deret,ncnnullitamcnejusdem
712 2581 825 2637 sceleris
840 2582 1032 2639 eumnoxium
1119 2583 1233 2637 luteres
1253 2581 1399 2636 lohannes
1418 2577 1589 2634 Belonensls
1608 2575 1750 2650 episcopus
1768 2567 1854 2628 Teneli-

227 2667 426 2726 affirmabant.
438 2672 522 2726 Anno
538 2687 605 2727 vcro
621 2675 653 2728 13
678 2670 720 2727 sui
736 2671 854 2726 ducatus
870 2670 963 2727 isdem
977 2671 1033 2727 dux
1083 2686 1208 2744 quorum
1223 2668 1343 2725 ducatus
1357 2668 1468 2742 predia
1490 2665 1520 2722 iu
1541 2665 1649 2723 finibus
1664 2662 1777 2720 Civitatis
1793 2673 1854 2714 nore

226 2757 393 2814 Mauricium
408 2775 491 2815 suurn
504 2759 595 2816 tilium
609 2759 891 2834 Constantinopolim
902 2761 1032 2830 mittens,
1081 2762 1200 2820 Tribuni
1214 2763 1293 2819 ducis
1308 2765 1441 2836 tempore
1462 2764 1601 2834 usurpata
1624 2775 1676 2834 per
1693 2757 1747 2814 rim
1765 2755 1855 2810 actenus

228 2845 290 2918 ipso
312 2847 475 2921 eodemque
501 2848 671 2905 infirmitate
693 2850 837 2916 detentus,
862 2867 910 2906 sex
932 2849 1033 2907 dicbus
1083 2851 1240 2916 retinebat,
1248 2867 1335 2924 quom
1347 2849 1513 2922 necregalis
1520 2849 1676 2921 jussionec
1686 2843 1799 2921 quolibet
1806 2853 1856 2913 prc-

229 2951 289 2992 non
309 2951 360 2992 sua
374 2940 477 3010 sponte
492 2938 544 2994 sed
559 2940 665 3011 populo
682 2943 805 3012 cogente
820 2943 977 3012 antequam
992 2939 1033 2994 ul·
1083 2941 1203 2998 missum
1219 2939 1330 3013 abipso
1346 2937 1539 2994 intortunium
1551 2941 1663 2994 terrere
1678 2925 1857 3010 potuitquoin·

228 3024 333 3083 timum
349 3026 402 3084 sibi
418 3027 642 3097 obscuresceret,
657 3029 816 3085 monachus
830 3029 861 3085 in
876 3029 967 3086 sancti
981 3030 1033 3085 Za·
1078 3032 1155 3104 juste
1168 3031 1282 3085 retenta
1294 3027 1416 3084 reddere
1429 3043 1593 3100 pacemque
1609 3041 1675 3082 cum
1689 3017 1856 3080 domnoPctro

228 3115 333 3172 chariss
345 3117 476 3174 caenobio
489 3118 606 3174 allectus
620 3120 672 3174 est.
691 3119 810 3175 Pressit
823 3123 921 3176 autem
941 3119 1033 3175 Vene·
1084 3121 1155 3176 duce
1168 3118 1298 3175 haberet.
1316 3116 1370 3181 Qui
1385 3116 1441 3171 dux
1457 3130 1641 3188 quamquam
1653 3109 1857 3175 melaredum

230 3203 293 3259 ticis
308 3205 392 3261 annis
411 3207 444 3260 13
459 3209 488 3261 ct
512 3207 658 3262 mensibus
677 3207 815 3280 quinque.
842 3205 1033 3280 Sepultusque
1048 3207 1211 3281 cpacilice,
1223 3205 1340 3262 interim
1356 3203 1480 3260 lleinrici
1493 3203 1575 3260 ducis
1594 3199 1771 3278 praesentiam
1791 3193 1858 3287 Terp-

232 3293 262 3348 ct
275 3292 305 3348 in
318 3295 423 3350 eodem
438 3295 616 3350 monasterio
626 3303 672 3350 ¹⁰⁸.
1084 3297 1180 3352 nensis
1197 3294 1354 3369 susciperet
1369 3292 1508 3361 marchia,
1524 3291 1582 3348 hoc
1593 3291 1726 3347 tollerare
1739 3279 1859 3356 disposui·

1084 3387 1226 3442 Pervento
1238 3399 1309 3438 vcro
1323 3382 1406 3448 duce,
1422 3379 1479 3436 suis
1492 3379 1684 3436 internunciis
1698 3373 1808 3432 cundem
1819 3381 1858 3440 pe·

1084 3478 1145 3530 tere
1156 3470 1329 3546 procuravit.
1342 3469 1397 3535 Qui
1407 3467 1545 3525 amiciciae
1554 3469 1666 3526 loedere
1680 3463 1820 3525 simulatus,
1832 3451 1857 3508 dt

1084 3563 1215 3619 lohanne
1238 3559 1372 3633 episcopo
1397 3573 1447 3614 scu
1470 3556 1575 3612 ceteris
1599 3555 1653 3614 sibi
1676 3545 1859 3612 adversantibus

1085 3653 1181 3723 legem
1195 3649 1290 3705 lacere
1301 3648 1338 3704 ad
1351 3663 1434 3702 suum
1443 3647 1515 3702 selle
1525 3643 1791 3719 spoponditTamen
1801 3625 1858 3708 quod

1087 3757 1136 3796 ore
1147 3738 1290 3812 promisit,
1305 3736 1386 3792 citius
1401 3735 1525 3791 faciendi
1540 3736 1719 3790 voluntatem
1733 3729 1799 3786 dicto
1811 3733 1860 3817 pet·

1088 3828 1218 3885 mutavit.
1228 3827 1327 3882 Petrus
1337 3825 1435 3897 itaque
1446 3824 1502 3879 dux
1512 3826 1603 3878 tantae
1614 3815 1860 3892 deceptionisprott·

1089 3917 1152 3987 dus,
1175 3933 1258 3972 suum
1288 3915 1417 3987 legatum
1437 3912 1535 3969 Ottoni
1557 3909 1747 3967 famosissimo
1765 3899 1816 3974 regi
1835 3891 1861 3994 11

1089 4003 1261 4079 Aquisgraui
1275 4001 1430 4077 pallacium
1443 4001 1506 4057 sine
1519 4000 1618 4073 aliqua
1633 3985 1861 4054 moratreusmisrb

266 3411 350 3466 Anno
363 3426 430 3466 vero
445 3410 603 3468 Dominicac
616 3411 827 3469 lucarnationis
843 3415 1035 3487 noningente-

229 3499 303 3555 simo
319 3499 509 3571 nonagesimo
523 3499 616 3573 primo
635 3503 763 3570 Petrum,
780 3503 918 3559 antedicti
934 3505 1035 3561 domni

230 3587 308 3645 Petri
323 3588 425 3644 Ursiuli
438 3588 516 3644 ducis
533 3591 673 3660 sobolem,
698 3590 847 3663 trigesimo
864 3609 922 3648 suae
943 3593 1036 3650 artatis

228 3694 307 3734 anno
322 3677 524 3735 veneticorum
535 3679 633 3753 populi
644 3679 682 3736 ad
697 3682 849 3754 paternam
863 3681 1036 3754 dignitatem

230 3767 1037 3843 promoveruntouiprobitatectactubauddegenerans

232 3872 251 3912 a
271 3851 336 3912 divo
354 3860 486 3928 parente,
507 3856 655 3931 utriusque
675 3860 774 3914 tamen
789 3859 916 3916 bominis
935 3861 1039 3934 peritia

234 3962 336 4002 omncs
348 3961 433 4017 poene
448 3947 582 4020 antiquos
595 3947 751 4004 excellebat
765 3948 860 4006 duces.
870 3950 924 4004 isto
933 3967 1039 4022 nempe

231 4037 1039 4112 patriaeoomcdanonmodoinpriscumoonsolidando
1132 4095 1137 4106 ‚
1192 4095 1197 4106 ,
1308 4091 1313 4102 .
1499 4089 1505 4099 ·
1571 4088 1607 4100 -·
1679 4087 1698 4141 d
1747 4071 1863 4138 [pocae

232 4125 347 4183 reduxit
359 4127 476 4196 statum,
492 4143 593 4184 verum
614 4125 644 4181 in
668 4129 781 4182 tantum
807 4143 870 4182 rem
894 4127 1041 4199 publicam
1090 4093 1315 4168 q⁰¹h¹¹lu⁵m⁰d¹
1330 4105 1430 4146 causas
1444 4089 1677 4161 ordmwblpan
1699 4099 1765 4142 ere·

235 4216 324 4284 auxit,
346 4219 377 4270 ut
398 4215 457 4272 suis
479 4215 659 4290 temporibus
679 4215 803 4271 Venecia
821 4231 882 4288 prae
906 4216 1041 4272 omuibus
1091 4184 1178 4284 nstin?
1193 4183 1385 4256 θῘΡθΓῑΠΗθΙ
1398 4177 1545 4278 prenotati
1564 4177 1646 4234 ducis
1663 4167 1862 4308 lleinncractgffl

234 4305 424 4360 finitimarum
431 4303 583 4376 provinciis
590 4304 1042 4378 decoreetopulentiasublimata
1091 4288 1213 4372 ⁰¹¹¹¹¹¹¹¹⁰,
1223 4271 1412 4370 redarguenf’,
1423 4282 1579 4368 ⁰¹¹{m3f1u'3
1592 4257 1820 4335 ⁰bm¹⁵⁵³praed¹⁸
1840 4266 1864 4393 ἵ

235 4391 387 4450 diceretur.
398 4395 428 4448 ln
442 4392 485 4449 sui
493 4393 611 4466 quidem
621 4393 740 4450 honoris
751 4392 867 4451 exordio
878 4394 1043 4451 Constanti·
1091 4365 1135 4419 “⁰
1151 4362 1215 4417 ‘³⁰⁰¹
1225 4359 1390 4434 praeoeptah
1405 4359 1587 4413 mmmmm
1602 4355 1640 4411 ad
1654 4350 1837 4410 habendum

236 4480 429 4553 nopolytanos
439 4482 640 4554 imperatores,
657 4499 816 4556 omnesque
831 4472 1079 4540 SaracenorumD
1092 4453 1332 4552 ⁰⁰J⁵J²²⁰¹¹¹ft¹am
1343 4445 1655 4587 Brunqnemimpssem
1668 4433 1864 4590 511ηωῖῃὲῗὲἙὲ

236 4577 381 4652 principes
392 4581 449 4637 suis
459 4580 653 4654 legationibus
663 4582 789 4655 placatos
802 4598 835 4638 ac
849 4581 966 4638 devotos
975 4582 1045 4638 ami·
1092 4538 1864 4696 ffissrifflehffimsseg⁰g¹tugnpisiffffuffigggssmfomm

236 4693 286 4734 cos
295 4676 381 4734 firma
389 4679 544 4736 stabilitate
556 4677 718 4752 adquisivit.
726 4679 849 4736 Nuncios
859 4678 1044 4737 etiamSaxo·
1094 4717 1244 4790 episcopus
1259 4714 1331 4771 adeo
1348 4712 1570 4785 floctipendens,
1585 4713 1618 4765 up
1629 4709 1710 4764 mum
1725 4720 1773 4761 nec
1789 4695 1866 4754 001110·

238 4775 319 4833 niam
332 4776 369 4833 ad
380 4776 501 4834 tercium
515 4777 652 4834 Ottouem
663 4795 775 4851 regem,
786 4779 925 4851 praeclare
940 4778 1045 4834 indolis
1095 4805 1163 4878 quio
1179 4805 1260 4861 adi„
1271 4820 1324 4860 nec
1338 4801 1436 4859 ,idere
1452 4798 1598 4856 voluisset·
1623 4799 1750 4870 Cumque
1768 4789 1866 4846 domnus

238 4875 403 4945 puerulum,
416 4875 579 4945 destinarit,
590 4879 812 4950 cumquotanto
823 4875 1046 4933 amorisetami·
1094 4894 1196 4950 Petrus
1209 4894 1266 4950 dux
1280 4892 1349 4949 salia
1361 4891 1503 4958 cerneret,
1520 4891 1638 4962 accepto
1659 4903 1676 4942 a
1693 4881 1768 4956 regio
1784 4869 1865 4934 nunrio

238 4971 434 5030 ciciaevinculo
446 4991 507 5032 sese
523 4975 687 5044 coarctavit,
698 4974 833 5048 quatinus
843 4976 957 5030 remota
972 4973 1044 5030 dila·
1094 4984 1124 5039 61
1137 4999 1154 5038 a
1169 4981 1226 5038 suis
1241 4983 1354 5038 salubre
1374 4977 1537 5047 consilium,
1560 4975 1727 5032 inevitabile
1746 4967 1866 5025 decretum

238 5070 805 5148 tionc,dcincapsquicquidsibipossibile
815 5072 1000 5146 competebat
1006 5072 1042 5129 ad
1092 5088 1179 5147 supra
1193 5089 1259 5129 suos
1267 5070 1414 5145 imposuit,
1426 5085 1482 5142 quo
1494 5083 1582 5123 nemo
1593 5065 1709 5121 illorum
1717 5059 1803 5133 atique
1811 5063 1867 5124 Pfffl'

238 5170 339 5228 totum
352 5174 585 5246 consequeretur
598 5171 665 5246 (99).
682 5171 799 5228 llisdem
813 5185 940 5244 namque
954 5171 1010 5226 dux
1024 5188 1041 5228 a
1091 5165 1258 5238 sumptione
1271 5163 1359 5220 tultus
1377 5159 1551 5234 predictam
1564 5171 1615 5214 seu
1635 5153 1793 5212 istriensem
1804 5147 1867 5199 ³¹1⁵·ss

274 5341 310 5378 ¹⁰⁸
324 5334 446 5392 Veniam
459 5333 487 5390 Z
488 5335 573 5390 anelli
586 5332 669 5459 tepere
684 5331 803 5398 maoutt;
817 5330 862 5389 sed
877 5253 1278 5390 legffcolfiscluffnmsgoffldos
1300 5321 1427 5397 patriam
1440 5319 1496 5408 illis
1519 5318 1659 5407 concessit
1672 5307 1775 5387 delendi
1781 5297 1869 5432 iffi

238 5403 585 5465 rostratarum-snat
617 5408 693 5462 esunt
708 5403 811 5461 inedd.
860 5411 895 5448 ¹⁰⁸
916 5402 1119 5462 Hiciarodr'cc
1166 5399 1207 5456 rt.
1223 5398 1320 5456 boone
1334 5400 1512 5454 exstaturum
1526 5409 1653 5470 papiam
1675 5403 1733 5464 998
1750 5395 1788 5454 311

238 5479 315 5536 inter
326 5479 398 5552 ipsos
411 5493 452 5535 res
462 5479 657 5552 pestosscripto
676 5491 729 5534 esse
741 5473 875 5535 videntur.
1017 5561 1121 5624 Nom

276 5638 335 5715 (99)
349 5641 469 5724 Pactum
483 5640 511 5697 d.
527 5638 563 5698 19
574 5637 640 5697 tulii
654 5655 682 5696 a.
709 5641 756 5696 991
781 5638 953 5721 renoyatum
966 5635 1051 5720 Liber
1136 5634 1194 5712 (91)
1211 5631 1254 5696 Gi.
1269 5631 1393 5694 Andrcae
1406 5629 1514 5692 Chaon.
1529 5629 1580 5693 lib.
1593 5625 1632 5700 ix,
1645 5622 1720 5703 pert.
1730 5617 1768 5688 hb
1780 5627 1807 5688 l·
1820 5601 1869 5664 ²²5·

240 5709 494 5857 glagnqqsaepzhpbet
509 5715 539 5774 et
551 5712 682 5773 tamese
691 5709 841 5771 Dandulus
855 5725 886 5768 in
906 5709 1049 5768 moereo
1099 5707 1166 5766 Zau.
1508 5721 1521 5744 ·
