3862 6170
262 377 313 439 ara
560 363 750 430 RORICONIS
766 363 923 427 audaciai
933 359 1195 424 a01sstacaasis
1209 361 1319 422 GESTA
1334 353 1557 424 cumcontra.
1820 369 1861 430 ue

263 501 336 559 liam
352 496 515 572 dereliquit,
532 500 562 553 00
570 492 720 551 00010000
730 491 897 548 0000000000
906 486 1061 561 00001ῑο00·
1072 490 1100 550 Α
1113 505 1166 560 est.
1182 502 1238 560 Sed
1252 502 1367 559 iacente
1384 501 1519 572 Domino,
1535 500 1578 558 eui
1593 500 1694 559 nelarie
1711 501 1764 576 ejus
1774 503 1822 562 rita
1833 507 1864 564 dl·

299 591 346 648 Sic
360 591 458 662 itaque
473 586 616 643 exsultans
629 583 660 639 in
671 581 795 639 Domino
804 583 834 636 at
843 575 1063 634 inlautiaaele-
1112 592 1277 666 ,pneuma
1292 591 1501 665 complaceat
1515 593 1545 646 et
1570 589 1677 662 ligatus,
1703 593 1729 648 ct
1749 592 1863 652 clodoveo

262 683 363 738 ctatus.
387 675 509 734 Turonis
534 677 577 731 est
599 688 754 745 regressus,
771 672 800 725 et
827 669 919 722 multa
943 681 1064 721 munera
1112 683 1312 755 praemqqqu„
1329 679 1401 736 Cum
1415 695 1472 752 quo
1487 679 1517 735 02
1531 677 1769 752 ffichffiqmqqque
1782 681 1864 738 phu„¹

261 769 380 840 supplex
395 765 500 822 obtulit
512 761 680 829 confessori,
708 762 881 828 centumque
906 755 1012 811 solidos
1026 754 1063 808 ad
1113 783 1185 824 nem
1196 768 1490 840 comprehenderunt,
1506 766 1818 840 ,qvincmpfflmmgq
1830 770 1867 826 01,

263 856 467 913 redimendum
478 867 587 925 equum
599 867 683 906 soum
695 844 897 905 matriculariis
912 843 979 899 dare
989 858 1062 913 prae·
1112 856 1249 911 iurarunt,
1262 856 1337 921 Quo,
1353 855 1493 929 capitibus
1507 855 1602 928 puniri
1616 855 1780 928 pampica
1790 856 1865 912 iana.

262 945 347 1017 00000·
364 944 421 1000 Sed
432 957 484 998 000
498 940 578 1008 001οῑ,
590 956 643 996 000
654 938 743 994 eliam
758 933 867 992 ¹1¹⁰V⁰ri
881 933 974 1008 l)omit
988 933 1062 987 ¹⁰⁰⁰·
1111 943 1200 1000 tando
1216 944 1331 999 crimini
1342 941 1586 1017 tinemimposuit.
1596 943 1708 1014 Insuper
1717 943 1868 1000 etthesaoros

261 1031 347 1092 Dedit
361 1032 468 1088 ilerum
486 1032 614 1098 centum·
627 1031 656 1084 00
669 1026 779 1083 0000000
795 1021 888 1098 l³⁰lnit
902 1020 1061 1078 00000010·
1112 1048 1213 1092 eorum
1226 1049 1259 1088 ac
1274 1033 1419 1089 civitatem
1434 1031 1664 1105 propriaeditioai
1674 1031 1792 1095 restituit,
1804 1033 1868 1104 Apud

261 1123 352 1189 Quem
365 1137 431 1176 cum
444 1119 606 1192 recepisset,
617 1134 651 1174 cx
660 1107 1063 1173 abundantilaetitiaresolutis
1113 1119 1339 1177 Cenomanifflm
1352 1137 1467 1193 quoque
1483 1119 1626 1176 civitatem
1641 1119 1766 1192 augnarii
1778 1119 1870 1192 propin.

260 1211 290 1267 in
303 1211 403 1278 risum,
419 1209 488 1266 talia
511 1208 614 1264 dicitur
639 1220 777 1279 respousa
793 1202 922 1258 dedisse:
948 1221 963 1251 a
991 1199 1062 1254 Vere
1113 1224 1184 1280 quus
1195 1208 1315 1282 qnidam
1323 1206 1870 1281 morabaturllagnimirusuomina,quen

260 1298 360 1354 heatus
373 1297 510 1354 Martinus
524 1298 553 1351 et
565 1294 669 1350 auxilio
681 1293 844 1364 promptus,
856 1293 886 1344 et
898 1287 929 1343 in
944 1285 1062 1358 negotio
1111 1296 1288 1367 paritervita
1296 1296 1417 1370 privarit
1429 1301 1458 1352 ct
1470 1313 1561 1370 regno
1578 1313 1586 1352 ε
1602 1295 1638 1352 nd
1650 1295 1872 1351 scintillaridslicet

260 1387 363 1442 charus
376 1386 528 1441 babetur.»
543 1385 577 1438 Et
592 1382 750 1438 ascendens
762 1389 1064 1450 equum‚purpur³r0·
1112 1383 1203 1457 iniqui
1231 1385 1371 1457 germinis
1398 1401 1549 1441 remanere
1564 1384 1712 1450 videretur,
1730 1399 1787 1455 qua
1804 1381 1873 1437 scelm

260 1475 377 1531 dimitus
390 1478 419 1530 et
433 1489 502 1529 auro
518 1488 551 1528 ac
563 1471 697 1527 diadema
722 1468 838 1540 regium
857 1467 888 1522 in
905 1465 997 1536 capite
1012 1479 1062 1534 ge·
1111 1473 1292 1529 horrendum
1307 1473 1457 1529 suscitaret
1472 1473 1503 1527 in
1526 1472 1656 1545 populos,
1673 1474 1700 1528 et
1714 1470 1875 1528 Sodomorum

259 1567 348 1630 stans,
362 1579 414 1636 pro
436 1560 624 1617 exsultatione
654 1557 780 1613 victoria
809 1556 845 1611 ob
868 1551 1061 1609 reverentiam
1111 1559 1411 1628 Gomorrhoearumw,
1428 1556 1875 1632 quodahsstffixtarminiodamm-

258 1650 349 1706 sancti
376 1649 490 1706 llartini
506 1647 569 1704 auri
583 1650 612 1702 ct
634 1645 747 1718 argenti
761 1643 918 1716 plurimum
932 1640 961 1695 in
974 1638 1060 1704 atrio,
1111 1649 1223 1702 rentur,
1241 1647 1371 1720 cumque
1386 1648 1549 1719 proditores
1564 1645 1697 1720 augnarii
1710 1643 1876 1717 cognovissent

258 1739 336 1810 quod
351 1741 394 1794 ast
409 1738 486 1793 inter
501 1735 650 1792 ecclesiam
666 1733 695 1788 S.
724 1731 837 1790 Martini
861 1735 891 1786 et
914 1729 1058 1798 civitatem
1110 1735 1188 1807 quod
1200 1735 1230 1790 in
1243 1735 1336 1808 pretio
1351 1736 1425 1791 tanti
1440 1735 1576 1791 facinoris
1590 1752 1628 1791 res
1639 1733 1761 1790 vitiatum
1779 1731 1876 1802 accepis·

259 1829 401 1900 prasente
410 1826 517 1900 populo
533 1824 646 1896 sparsit,
655 1827 684 1878 et
698 1821 780 1895 regia
796 1818 993 1876 munificentia
1003 1816 1059 1872 dis·
1110 1825 1183 1890 sent,
1193 1826 1403 1894 conquerentes
1420 1823 1543 1878 nimium
1557 1825 1588 1878 et
1602 1839 1665 1878 sero
1678 1821 1876 1894 prenitentesac·

258 1914 440 1987 pensavitllb
450 1914 512 1986 ipso
526 1911 613 1984 igitur
626 1910 671 1966 die
684 1908 807 1981 suscepit
817 1925 884 1964 eum
893 1905 1061 1962 Anastasius
1110 1914 1257 1966 cessarunt
1270 1911 1307 1966 ad
1334 1927 1446 1983 ragam,
1475 1915 1506 1968 aa
1519 1911 1644 1985 qualiter
1664 1908 1775 1965 indicati
1787 1907 1878 1962 fueram

256 2002 416 2076 imperator
429 2001 459 2056 in
472 1999 630 2057 amicitiam
646 1997 833 2070 singularem,
849 2000 879 2052 et
893 2013 951 2052 non
966 1997 1060 2052 solum
1109 1998 1325 2055 intimaverunt.
1339 1999 1446 2064 Quibus
1458 2000 1616 2056 Glodoveus
1625 2000 1664 2056 ita
1671 1993 1877 2070 respondensait·

257 2108 306 2147 rex
320 2093 370 2146 aut
382 2091 493 2157 consul,
507 2089 558 2144 sed
572 2091 602 2143 et
614 2089 760 2159 Augustus
773 2085 921 2142 abeodem
938 2085 1061 2157 impera·
1109 2106 1126 2141 a
1138 2087 1205 2142 Tale
1218 2102 1322 2142 ararum
1336 2087 1441 2142 merito
1457 2087 1613 2159 recepistis,
1627 2087 1674 2160 qui
1689 2084 1826 2142 dominum
1843 2097 1877 2136 re·

256 2180 320 2235 tore
331 2178 426 2248 jussus
440 2180 482 2232 est
497 2175 645 2248 appellari.
672 2174 706 2229 Et
718 2173 769 2229 tali
783 2173 877 2245 gloria
890 2173 1060 2229 sublimatus
1109 2178 1200 2230 strum
1215 2175 1304 2231 morti
1321 2175 1490 2232 tradidistis.
1505 2176 1549 2232 Sit
1557 2176 1624 2249 jam
1638 2173 1716 2232 robis
1726 2173 1878 2229 satiarestms

258 2269 325 2321 ante
338 2265 500 2337 sepulcrum
511 2261 589 2319 beati
604 2261 716 2318 Martini
733 2277 829 2332 genua
843 2259 904 2314 lixit
914 2263 943 2314 et
957 2261 1057 2316 oravit.
1107 2263 1221 2319 animas
1235 2279 1406 2333 reservasse,
1420 2267 1450 2319 et
1464 2281 1523 2320 non
1539 2280 1593 2338 pro
1608 2267 1690 2320 tanto
1708 2261 1818 2318 crimine
1827 2275 1880 2314 con·

257 2353 291 2407 Et
306 2351 346 2407 sic
357 2353 428 2407 urbe
444 2367 622 2426 progressus,
637 2348 759 2405 Parisios
768 2347 865 2415 rediit,
877 2350 906 2402 et
924 2347 1058 2404 eamdem
1108 2350 1199 2421 digna
1213 2350 1352 2424 supplicia
1366 2351 1543 2423 persolvisse.
1558 2370 1576 2406 s

258 2440 403 2497 civitatem
412 2439 495 2512 regni
505 2439 547 2494 sui
557 2438 656 2494 sedem
672 2453 731 2492 esse
740 2435 1059 2492 constituit.Ecclesiam
1144 2437 1192 2492 llis
1203 2437 1292 2510 igitur
1301 2440 1431 2513 patratis,
1445 2440 1526 2496 febre
1538 2439 1695 2514 corripitur
1703 2438 1849 2503 Glodoreus,
1861 2439 1881 2490 et

255 2527 507 2587 reroSaoctiPetri
516 2543 603 2599 quam
614 2524 792 2580 selectarum
801 2524 1060 2596 promiserataatc-
1109 2525 1198 2581 dedic
1209 2525 1238 2580 in
1248 2526 1326 2582 diem
1340 2528 1626 2602 sentieaslangorem
1636 2527 1882 2601 ingravescerecoo·

257 2633 343 2691 quam
359 2615 585 2690 progrederetur
595 2611 904 2669 adbellumetdecenti
919 2611 1061 2682 composi.
1108 2611 1393 2670 vocatisl'rancorum
1404 2615 1583 2686 proceribus,
1595 2632 1718 2688 regnum
1728 2610 1884 2669 suumdirisit

254 2707 334 2762 tione
348 2708 514 2761 construere
527 2701 604 2768 lecit,
620 2703 651 2756 et
664 2703 861 2756 constructam
879 2700 1060 2756 ornamentis
1108 2701 1138 2757 in
1151 2703 1260 2773 partes,
1270 2705 1299 2758 et
1308 2703 1373 2758 liliis
1383 2703 1440 2758 suis
1448 2707 1574 2776 quatuor
1583 2705 1702 2760 easdem
1714 2705 1803 2774 partes
1811 2697 1883 2756 distri·

255 2796 342 2866 atque
354 2790 515 2847 redditibus
526 2787 704 2844 sufficienter
714 2786 872 2860 ampliavit.
887 2787 998 2843 Dehinc
1008 2788 1059 2844 ad·
1109 2788 1181 2844 buit.
1199 2789 1383 2846 childeberto
1398 2806 1465 2846 vero
1489 2790 1630 2859 filiosuo,
1645 2805 1732 2864 quem
1744 2787 1820 2846 unice
1837 2785 1884 2841 dili·

254 2896 353 2937 versus
376 2878 554 2951 linguarium
569 2880 656 2950 atque
679 2875 844 2932 nichasium
861 2876 941 2932 durit
955 2876 1061 2932 exerei-
1108 2876 1206 2948 gebat,
1214 2876 1337 2934 Parisios
1352 2877 1481 2946 tradidit,
1493 2881 1522 2933 et
1529 2877 1727 2935 clodomirem
1742 2875 1885 2949 apudture-

253 2967 383 3040 tum,qui
400 2955 672 3038 apudCamaracnm·
681 2965 1058 3031 morabantur,eteosomai
1108 2963 1177 3019 liam
1193 2964 1320 3020 residere
1332 2965 1478 3038 praecepit.
1491 2965 1638 3022 Clothario
1650 2965 1808 3021 Suessiones
1816 2961 1886 3026 dedit,

251 3055 391 3129 dignitate
407 3053 536 3110 seculari
552 3059 582 3108 et
595 3053 653 3109 rita
676 3053 786 3126 pariter
801 3051 986 3108 conllrmarit
998 3068 1092 3144 essac
1109 3054 1138 3107 et
1147 3051 1336 3122 Theoderico,
1347 3068 1435 3125 quem
1444 3070 1478 3109 ox
1487 3052 1653 3110 concubina
1665 3047 1887 3126 genuermltenris

253 3143 416 3201 nudandos.
437 3143 506 3197 Erat
528 3139 582 3196 iste
604 3139 764 3213 ltagnerius
791 3139 917 3196 etlrcnus
932 3139 964 3194 ln
977 3141 1057 3195 luxu·
1107 3139 1253 3196 civitatem
1269 3144 1355 3213 atque
1372 3141 1558 3197 Camaracum
1575 3141 1706 3200 indulsit.
1721 3140 1838 3212 Cumque
1849 3151 1888 3208 per

253 3231 375 3300 riam,et
388 3228 884 3300 babebatconsiliariumquamdam
894 3229 1058 3284 Pharonem
1107 3229 1285 3284 Francorum
1314 3245 1449 3302 proceres
1468 3231 1561 3285 luctus
1584 3231 1692 3303 ingens
1718 3229 1832 3285 oriretm
1849 3239 1887 3296 pro

254 3319 374 3375 nomine
387 3317 474 3374 simili
488 3317 625 3390 spurcitia
634 3317 818 3372 lutulentum.
830 3313 991 3372 Oderateos
1001 3318 1057 3373 llo·
1106 3315 1182 3372 tanti
1196 3316 1273 3390 regis
1286 3317 1429 3385 abscessu,
1443 3318 1591 3389 suspirans
1607 3317 1646 3374 ad
1660 3317 1764 3374 coelum
1782 3329 1825 3370 rex
1837 3311 1889 3366 aa

254 3406 361 3473 minus,
378 3408 407 3461 et
421 3405 486 3460 ideo
500 3403 537 3460 ab
551 3403 718 3460 bominibus
733 3403 783 3459 liei
800 3402 891 3459 amari
901 3419 960 3458 non
974 3406 1058 3477 potc-
1106 3403 1159 3460 lis:
1174 3425 1189 3456 «
1205 3405 1257 3471 llo,
1273 3404 1379 3478 inquit,
1403 3405 1527 3461 Domine
1539 3405 1628 3474 Deus,
1644 3405 1783 3461 miserere
1799 3400 1856 3465 mei,
1869 3399 1889 3452 et

193 3547 196 3552 ,
253 3497 329 3550 rant.
343 3495 501 3563 Propterea
514 3496 544 3548 et
557 3491 658 3547 Franci
674 3491 846 3563 superiores,
867 3507 939 3562 quos
961 3491 1056 3548 domi·
1105 3493 1244 3565 populum
1256 3492 1343 3560 bunc,
1355 3493 1404 3565 qui
1414 3493 1501 3548 intuo
1512 3493 1636 3550 nomine
1646 3492 1721 3549 sacri
1732 3483 1889 3563 baptismatis

254 3585 324 3636 natu
336 3580 508 3652 premebant
521 3579 633 3651 iniquo,
658 3578 783 3633 nimium
797 3577 917 3650 indigne
931 3577 1057 3634 ferentes
1106 3580 1329 3652 regeneratione
1341 3584 1482 3652 purgatus
1496 3582 1549 3649 est,
1574 3583 1607 3638 tu
1632 3581 1696 3656 ipse
1717 3580 1838 3654 guberna
1850 3593 1857 3642 ;
1869 3577 1891 3626 lu

253 3668 359 3723 talibus
370 3666 464 3734 subdi,
478 3669 660 3722 accesserunt
674 3665 709 3722 ad
718 3665 905 3733 Clodoveum,
924 3669 954 3721 et
965 3667 1056 3739 petie·
1107 3671 1220 3723 nostros
1236 3667 1366 3722 haeredes
1381 3670 1522 3739 perpetua
1536 3668 1666 3724 tuitione
1683 3661 1892 3724 circumdato

253 3757 320 3810 runt
328 3755 364 3811 ab
375 3770 409 3810 eo
419 3771 543 3810 munera
558 3758 589 3810 ut
601 3770 666 3809 eum
679 3755 745 3810 dolo
759 3753 795 3808 ad
807 3754 976 3809 certandum
987 3770 1055 3809 con·
1105 3753 1230 3810 childem
1246 3771 1314 3810 vero
1325 3756 1531 3823 nostram,imo
1541 3758 1637 3823 tuam,
1647 3755 1833 3828 etquiataam
1843 3749 1892 3806 ideo

251 3846 419 3900 tranoslros
429 3841 623 3913 impellerent,
632 3842 708 3897 etita
719 3841 780 3896 sine
791 3843 917 3897 tumultu
928 3841 1055 3898 maximo
1105 3843 1207 3898 melius
1218 3847 1358 3912 nostram,
1367 3842 1407 3898 ita
1419 3843 1471 3899 tibi
1484 3845 1678 3912 commendo,
1693 3847 1725 3899 ut
1735 3857 1797 3898 eam
1806 3835 1893 3894 tusam

252 3932 283 3986 et
295 3930 358 3986 rita
370 3930 445 3986 illius
458 3930 524 3985 linis
534 3930 736 4003 imponeretur
747 3933 776 3984 ot
787 3929 912 3985 crimini.
926 3929 1056 3985 Dediteis
1106 3931 1179 3988 sicut
1193 3930 1354 4003 propriam,
1371 3931 1444 3987 sicut
1459 3931 1669 3999 domesticam,
1684 3933 1757 3988 sicut
1769 3923 1895 3990 alienaret

250 4019 350 4091 itaque
363 4034 413 4074 rex
428 4018 566 4086 armillas,
582 4021 611 4072 et
623 4016 885 4089 balteoscuprinos,
903 4017 1056 4072 etelectri-
1108 4018 1180 4074 sicut
1194 4018 1340 4073 ancillam.
1356 4020 1396 4074 Tu
1415 4035 1479 4073 eam
1510 4019 1582 4074 mibi
1601 4019 1756 4093 providisti
1770 4029 1843 4072 servo
1857 4015 1894 4064 tuo

251 4122 303 4163 nos
321 4107 442 4162 subdole
461 4105 649 4179 compositos,
682 4108 712 4159 et
727 4104 851 4176 desuper
867 4120 937 4160 auro
953 4108 1055 4168 tectos,
1105 4109 1192 4177 atque
1202 4105 1364 4174 tradidisti;
1381 4105 1432 4160 tibi
1445 4123 1511 4161 eam
1526 4107 1633 4175 reddo,
1650 4121 1801 4181 perquam
1815 4105 1841 4160 et
1852 4104 1896 4154 tua

251 4191 359 4257 Quibus
384 4193 506 4263 receptis
526 4191 706 4259 muneribus,
732 4196 880 4263 coeperunt
908 4191 1056 4247 adhortari
1105 4194 1177 4264 legis
1192 4194 1308 4248 decreta
1319 4194 1470 4265 cognovi.»
1480 4194 1528 4250 llis
1536 4195 1634 4263 dictis,
1649 4189 1896 4263 reddidilspiritnra

250 4281 425 4351 llagncrinm
441 4281 615 4335 utadversus
626 4280 1058 4351 Clodovenmarmacorriperet
1106 4284 1135 4336 et
1149 4282 1276 4353 sepultas
1290 4285 1335 4336 cst
1350 4282 1378 4336 iu
1396 4281 1512 4338 basilica
1531 4281 1632 4340 Sancti
1649 4282 1827 4355 Petri,quam
1851 4277 1896 4348 ipse

250 4370 279 4423 et
293 4367 652 4438 egredereturadbellum,
663 4369 837 4424 mentientes
846 4385 946 4440 regem
954 4359 1093 4424 adven-D
1106 4372 1317 4436 construxerat,
1333 4385 1412 4424 arrno
1424 4369 1571 4426 tricesimo
1587 4371 1634 4426 sui
1646 4362 1896 4444 regotllominole·

250 4458 312 4512 tare
328 4472 395 4510 cum
412 4456 520 4528 paucis,
532 4457 668 4512 semultis
684 4457 823 4513 militibus
837 4473 897 4512 esse
913 4456 1056 4530 constipa·
1106 4473 1138 4511 su
1154 4458 1268 4513 Christo
1285 4461 1427 4530 regnante
1446 4458 1476 4513 in
1496 4463 1690 4530 perpetuum,
1706 4459 1752 4516 cui
1766 4461 1808 4514 est
1820 4455 1898 4510 bonor

249 4546 323 4600 turn.
341 4542 424 4607 Quod
439 4560 507 4600 cum
519 4544 645 4600 audisset
670 4545 843 4617 llagnerius,
866 4545 1003 4601 audacter
1018 4544 1055 4600 ad
1106 4547 1135 4598 et
1147 4545 1240 4618 gloria
1254 4545 1284 4601 in
1301 4546 1407 4602 secula
1420 4548 1605 4604 seculorum.
1622 4550 1733 4605 Amen.

249 4647 380 4705 pugnam
394 4631 438 4700 iit,
455 4635 484 4688 et
498 4633 633 4690 adversus
645 4637 759 4690 nostros
782 4633 887 4690 acriter
909 4633 1055 4706 praeliatus

1025 4802 1154 4880 Explicit.
