3862 6170
123 383 168 446 tdt
637 379 843 446 metaurum
858 375 903 442 DE
924 377 1041 444 casm
1068 375 1267 446 hennom.
1732 385 1786 446 tdh

121 510 155 568 Et
168 509 272 568 vocato
286 506 409 584 Georgia
430 505 563 580 diacono,
576 509 605 566 et
618 511 820 585 cartophylace
836 511 929 566 Ecclo-
939 513 969 575 A
979 510 1058 584 prius
1071 511 1222 568 decretum
1237 508 1373 584 generale
1388 505 1612 566 intmducutura
1622 501 1704 581 regia
1713 507 1786 566 urbe

120 599 168 658 aie
194 599 523 674 Constantinopolitanae
546 603 725 674 praeceptum
759 602 802 656 est
836 600 873 668 ei,
898 603 930 655 ut
978 600 1137 656 secundum
1152 599 1303 672 antiquam
1322 597 1573 656 consuetudinem.
1594 597 1728 671 Sepultus
1741 600 1786 653 est

117 689 199 761 juxta
214 705 317 746 eorum
342 689 476 746 notitiam
490 688 602 746 codices
622 706 656 745 ex
678 689 852 746 bibliotheca
876 689 929 743 Ee·
979 692 1078 744 autem
1093 690 1206 744 sanctus
1220 689 1333 761 Agatho
1347 687 1383 742 ad
1399 688 1428 746 B.
1448 689 1567 743 Petrum
1582 687 1785 760 Apostolumt

119 778 212 834 ctesias
237 778 275 834 ad
300 778 429 835 medinm
453 778 675 835 deducerentur.
700 781 731 834 ln
760 778 863 852 quibus
883 793 928 832 re·
978 777 1169 832 ldnstanuar.
1186 777 1220 831 Et
1234 775 1353 832 cessavit
1366 759 1552 851 Episcopatus
1565 779 1680 832 annot.
1705 791 1785 832 men·

119 869 237 940 partum
264 869 308 923 est
336 867 408 922 duas
436 869 564 934 naturas,
605 866 732 940 duasque
768 868 930 922 voluntates
979 865 1098 924 athual.
1114 863 1251 922 diebnsh.

118 957 161 1012 vel
177 955 363 1027 operationes
387 973 448 1013 esse
474 956 505 1011 in
528 955 651 1012 Christo.
680 957 843 1028 Contraque
859 971 929 1011 con-

118 1043 208 1100 rasus
234 1043 395 1102 blacharius
424 1045 562 1101 inventus
594 1047 638 1100 est
673 1045 808 1101 mendax.
851 1045 929 1100 Tunc
1321 1007 1441 1064 LXXXII·

118 1131 268 1189 interdixit
290 1133 384 1206 pietas
410 1133 575 1205 Augustalis
596 1133 719 1206 Georgia
745 1132 927 1200 Patrierchae,
1015 1134 1071 1188 Lao
1080 1130 1192 1205 junior,
1207 1130 1326 1188 natione
1337 1129 1459 1198 Siculus,
1483 1131 1726 1205 depatrePaulo,
1741 1145 1787 1188 ee·

118 1224 148 1277 ut
170 1221 296 1277 minime
320 1220 351 1276 in
377 1221 500 1278 Ecclesia
524 1239 576 1278 sua
604 1223 761 1295 susciperet
791 1221 928 1278 eumdem
979 1219 1785 1294 ditmensibust0.diebust7.llictuiteloquantissimns,

116 1307 273 1365 linearium
289 1309 406 1382 ejusque
434 1326 580 1382 sequaces.
613 1309 732 1380 Deinde,
756 1313 788 1366 ut
802 1309 929 1366 veritatis
979 1309 1008 1364 in
1022 1309 1125 1365 divinis
1140 1309 1297 1383 Scripturis
1316 1307 1494 1364 sufficienter
1519 1307 1676 1376 institutus,
1692 1325 1788 1381 graeca

117 1397 218 1453 lumen
243 1401 408 1470 appareret,
426 1397 593 1454 intromissa
606 1401 673 1454 sunt
690 1415 788 1454 coram
812 1397 928 1470 Synodo
978 1398 1126 1470 latinaque
1140 1397 1240 1470 lingua
1251 1397 1389 1464 eruditus,
1405 1396 1550 1452 cantilena
1576 1413 1609 1452 ac
1623 1396 1788 1468 psalmodia

117 1485 329 1542 venerabilium
339 1488 456 1542 Petrum
468 1485 544 1541 dicta
555 1486 675 1542 loannis
687 1485 929 1558 Constantinopo·
978 1487 1149 1560 praecipuus,
1160 1490 1189 1543 et
1202 1488 1231 1542 in
1252 1501 1352 1543 earum
1372 1485 1501 1542 sensibus
1512 1485 1696 1540 subtilissima
1710 1501 1788 1542 exer·

117 1573 211 1640 lilani,
228 1573 336 1646 Gyrilli,
351 1574 509 1643 Athanasii,
526 1573 632 1644 Basilii,
658 1574 787 1646 Gregorii
815 1573 930 1629 Nazian·
978 1575 1114 1632 citatione
1129 1575 1256 1632 limatus.
1281 1575 1331 1630 llic
1343 1573 1499 1647 suscipiens
1509 1576 1638 1629 sanctim
1654 1578 1680 1630 o.
1696 1574 1787 1646 Syno-

117 1663 189 1731 zeni,
204 1661 345 1736 Dionysii,
355 1662 463 1732 Hilarii,
474 1662 630 1732 Ambrosii,
646 1661 809 1736 Augustini,
821 1661 928 1717 etheo·
979 1665 1060 1733 dum,
1077 1681 1141 1737 quae
1155 1663 1185 1720 in
1200 1663 1281 1736 regia
1302 1664 1371 1720 urbe
1396 1667 1460 1720 acta
1475 1663 1570 1718 tuerat
1585 1664 1637 1719 sub
1651 1662 1789 1718 Constan-

117 1750 161 1806 nis
171 1749 245 1806 duas
257 1753 384 1820 naturas,
399 1751 470 1806 duas
479 1751 642 1806 voluntates
655 1751 698 1806 vel
708 1749 928 1822 operationesin
978 1753 1039 1808 tino
1053 1753 1188 1826 Principe
1198 1769 1215 1808 a
1226 1753 1337 1808 duobus
1350 1750 1532 1818 Patriercbis,
1544 1749 1788 1824 Constantinopo-

118 1839 232 1896 Christo
249 1839 378 1896 diceutes
403 1841 441 1896 ad
462 1839 690 1896 satisfactionem
713 1839 861 1912 Principis,
885 1826 1067 1896 velBlitano
1098 1845 1128 1896 et
1152 1839 1332 1896 Antiocheno
1351 1843 1437 1913 atque
1462 1845 1512 1896 150
1536 1840 1693 1914 Episcopis‚
1723 1855 1789 1896 eam

117 1927 239 2001 Synodi.
257 1927 395 2002 Sequenti
411 1928 457 1984 die
474 1929 582 1984 relecta
597 1927 796 2000 estSynodica
810 1927 928 1982 sanctis·
979 1929 1186 1987 studiosissime
1219 1929 1255 1984 de
1285 1945 1381 2002 graec
1409 1929 1440 1984 in
1482 1930 1605 1986 latinum
1630 1929 1789 1986 transtulit.

117 2016 182 2072 simi
202 2017 365 2088 Agathonis
388 2019 485 2090 Papae,
508 2031 596 2089 quam
622 2015 774 2072 Catholicis
798 2015 930 2072 Patribus
980 2017 1034 2083 Qui
1048 2019 1138 2074 etiam
1162 2018 1308 2074 damnatis
1329 2018 1391 2074 aliis
1412 2017 1555 2075 hereticis
1578 2019 1651 2074 duos
1673 2021 1789 2074 tantum

117 2106 341 2178 comprobatam
351 2105 579 2178 subscripserant
588 2104 785 2161 occidentales
800 2103 930 2176 Episcopi
979 2107 1110 2175 absolvit,
1136 2107 1166 2162 id
1199 2108 1253 2175 est,
1293 2107 1476 2163 Anastasium
1511 2107 1724 2179 presbyterum,
1760 2108 1791 2160 et

118 2196 179 2254 t20.
195 2194 334 2250 Posthac
343 2194 448 2251 hortati
465 2197 533 2249 sunt
545 2193 700 2249 Eacarinm
710 2209 822 2262 omnes,
847 2195 878 2248 ut
893 2192 929 2247 de
980 2195 1154 2252 Leontinum
1170 2195 1326 2252 diaconum
1350 2195 1381 2250 iu
1399 2196 1445 2252 die
1469 2199 1569 2252 sancto
1594 2194 1789 2268 Theophaniae

117 2283 268 2338 voluntate
278 2281 498 2356 veloperatione
511 2281 705 2337 Christianam
714 2282 858 2354 proferret
867 2297 930 2336 sen·
979 2286 1157 2355 exponentes
1192 2299 1245 2356 per
1282 2284 1402 2356 propria
1438 2284 1545 2356 scripta
1579 2284 1667 2339 fldem
1694 2299 1788 2354 suam,

116 2371 252 2426 tantiam.
271 2370 401 2436 Quicum
417 2386 623 2442 nequennam,
638 2386 732 2444 neque
744 2370 930 2426 duasvolun·
975 2370 1058 2442 juxta
1082 2371 1161 2444 quod
1182 2375 1282 2427 sancta
1302 2369 1435 2443 Synodus
1461 2370 1675 2427 determinavit.
1695 2369 1786 2442 Enjus

121 2459 209 2528 lates,
222 2458 271 2513 vel
284 2457 467 2531 operationes
497 2457 592 2514 dicere
612 2458 706 2528 veltet,
726 2456 930 2514 Serenissimus
978 2461 1159 2532 temporibus
1186 2463 1373 2534 percurrente
1393 2459 1479 2515 divali
1506 2460 1635 2532 jussione
1664 2457 1785 2533 piissimi

116 2547 258 2620 Princeps
273 2550 387 2602 tomum
409 2546 497 2619 ipsius
521 2546 635 2602 ldacarii
664 2547 793 2618 pretulit,
817 2546 847 2602 in
871 2561 928 2620 quo
978 2548 1119 2621 Principis
1132 2548 1264 2606 restituta
1279 2552 1322 2605 est
1339 2549 1463 2622 Ecclesia
1478 2548 1653 2605 Ravennatis
1673 2548 1725 2603 sub
1741 2563 1789 2604 or·

116 2634 299 2706 apertissime
311 2650 398 2690 unam
409 2635 588 2690 voluntatem
598 2633 930 2690 inltominoaftlrmave-
978 2636 1127 2692 dinatione
1141 2638 1312 2708 Apostolicae
1332 2638 1419 2706 sedis,
1445 2642 1477 2692 ut
1491 2636 1625 2693 defuncto
1639 2634 1789 2711 Arcbiepi·

115 2726 173 2790 rat,
188 2725 217 2778 et
231 2737 323 2777 manu
350 2738 401 2778 sua
415 2722 621 2795 subscripserat
649 2739 715 2778 cum
734 2722 884 2779 Theodoro
900 2724 929 2777 et
977 2741 1064 2798 scopo
1078 2725 1185 2782 electus
1199 2726 1237 2781 ad
1251 2726 1397 2782 civitatem
1412 2727 1575 2782 Romanam
1600 2725 1696 2780 veniat
1710 2723 1789 2782 ordi·

115 2809 242 2882 Georgio
255 2809 437 2869 Patriercbis.
450 2810 506 2866 Sed
518 2810 655 2884 Georgius
675 2809 928 2867 sanctissimusPa·
978 2813 1102 2881 naudus,
1118 2817 1148 2868 ct
1161 2814 1321 2882 constitnit,
1337 2814 1407 2888 quid
1418 2815 1527 2870 solvere
1543 2813 1649 2869 debeat
1666 2829 1719 2886 pro
1735 2829 1788 2870 usn

115 2897 247 2954 triorche
260 2897 304 2954 sui
314 2898 420 2955 erroris
442 2899 587 2973 poenituit,
605 2901 633 2954 et
652 2899 693 2955 ita
705 2901 822 2955 credere
838 2915 880 2968 se,
900 2900 929 2954 et
977 2901 1068 2975 pallii,
1083 2905 1132 2958 aut
1145 2902 1263 2958 diversis
1274 2902 1407 2959 Ecclesiae
1418 2901 1528 2959 ottlciis.
1541 2902 1599 2958 Sed
1609 2905 1639 2958 et
1649 2919 1686 2958 ne
1697 2901 1788 2958 Mauri

115 2987 278 3060 predicare
292 2986 435 3060 protessus
449 2990 502 3055 est,
517 2987 680 3044 sicutsedes
693 2987 857 3061 Apostolica
872 2991 929 3042 tra·
978 2992 1126 3063 quondam
1142 2991 1274 3064 Episcopi
1296 2991 1485 3046 anniversitas
1508 2993 1557 3046 aut
1575 2989 1696 3060 Agenda
1714 2990 1788 3046 cele·

115 3075 169 3132 dit.
198 3075 283 3132 llnde
309 3092 376 3132 cnm
403 3075 466 3132 aliis
492 3076 644 3132 Catholicis
678 3068 1087 3149 anathematizavithretur,
1104 3095 1158 3135 nec
1173 3095 1232 3136 non
1246 3083 1346 3152 typum
1373 3077 1590 3150 autocephaliae,
1619 3093 1707 3151 quem
1733 3075 1788 3132 sibi

115 3181 220 3221 omnes
235 3165 398 3233 hereticos,
423 3167 453 3220 et
480 3165 574 3240 ipsum
600 3165 929 3238 blacarium,postquam
979 3168 1139 3225 elicuerant
1149 3167 1186 3223 ad
1194 3167 1373 3240 amputanda
1386 3166 1603 3222 scandalesedis
1617 3163 1788 3237 apostolice

121 3253 356 3326 nssuSynodtet
370 3253 511 3328 Principis
533 3253 559 3309 ei
576 3254 929 3311 ablatumestorariuma
978 3257 1177 3314 restituerunt.
1201 3255 1337 3328 Eiusdem
1362 3271 1476 3328 quoque
1503 3253 1683 3327 temporibus
1707 3251 1789 3308 Luna

115 3343 222 3399 basilio
232 3341 364 3399 Cretensi
375 3343 527 3416 Episcopo,
539 3346 568 3398 et
575 3343 850 3399 anathematizatum
857 3342 929 3398 toris
978 3346 1105 3419 eclypsin
1118 3344 1237 3418 partulit
1252 3343 1298 3400 die
1315 3349 1357 3403 l5.
1375 3344 1483 3399 mensis
1497 3343 1612 3416 Aprilis,
1627 3341 1787 3398 indictione

114 3431 270 3505 Synodnm
284 3431 371 3487 simul
381 3448 447 3487 eum
459 3448 511 3487 sno
528 3431 632 3488 throno
639 3432 797 3504 projecere.
809 3432 928 3505 Stepba·
979 3437 1023 3490 tl.
1039 3436 1107 3490 Post
1118 3449 1231 3490 coenam
1243 3433 1359 3489 Domini
1368 3434 1453 3488 nocte
1466 3433 1621 3505 poenetota
1634 3429 1787 3502 insangui-

113 3537 186 3578 num
198 3524 298 3577 autem
308 3519 480 3593 discipulum
493 3521 554 3594 ejus
568 3520 752 3577 cervicibusa
765 3520 794 3576 S.
809 3520 926 3594 Synodo
977 3541 1046 3580 nem
1068 3539 1158 3579 versa.
1176 3521 1229 3589 Qui
1242 3522 1332 3580 etiam
1352 3523 1480 3595 sepultus
1503 3520 1598 3577 estad
1613 3522 1644 3575 Β.
1667 3522 1786 3576 Petrum

113 3610 241 3667 Romani
257 3609 353 3666 clerici
370 3612 551 3684 expulerunt.
562 3609 751 3666 Eademhora
762 3611 926 3666 tanteetelae
976 3613 1156 3687 Apostolum,
1166 3611 1218 3668 sub
1229 3612 1276 3668 die
1286 3617 1312 3668 5.
1328 3613 1422 3668 Nonas
1435 3611 1533 3668 tulias.
1549 3608 1787 3683 EtcessavitEpi-

112 3715 310 3756 aranearuum
321 3698 485 3772 nigerrrmae
494 3698 525 3754 in
536 3698 631 3754 medio
640 3698 738 3772 populi
748 3699 926 3767 ceciderunt,
976 3705 1095 3777 capatus
1109 3719 1225 3758 menses
1238 3704 1281 3758 tl.
1299 3701 1360 3756 dies
1376 3705 1422 3758 22.

113 3791 144 3844 nt
159 3803 270 3844 ornnes
284 3787 471 3856 mirarentur,
487 3803 520 3843 ac
533 3786 574 3843 ita
586 3787 928 3844 sordibushaereseoner-

111 3876 297 3950 pulsisunita
308 3879 462 3933 estsancta
477 3878 527 3933 Dar
545 3875 678 3932 Ecclesia.
694 3876 728 3932 In
751 3877 847 3932 locum
859 3891 926 3931 vero
1315 3841 1445 3898 Lffllfl·

110 3966 228 4023 ltacarii
241 3965 395 4022 ordinatus
410 3968 454 4022 ost
466 3965 668 4039 Theophanios
676 3965 771 4022 Abbas
782 3966 929 4020 monaste·
1013 3968 1197 4033 Bassorcros,
1221 3964 1322 4038 junior
1348 3965 1467 4022 natione
1503 3965 1662 4037 Romanus,
1703 3968 1785 4037 patre

111 4055 146 4112 rii
159 4057 279 4129 Pagina,
292 4055 395 4111 insulae
406 4054 572 4124 Siciliensis,
583 4055 706 4112 attactus
717 4053 929 4127 estpatriareha
977 4056 1099 4124 loanne,
1112 4053 1308 4110 seditmenses
1318 4057 1361 4110 ttt.
1373 4054 1435 4109 dics
1446 4058 1488 4110 tu.
1501 4053 1552 4109 llic
1561 4069 1579 4108 a
1588 4052 1691 4125 puerili
1700 4055 1785 4109 [atate

111 4145 309 4202 Antiocheno
335 4143 478 4200 Ecclesiae.
513 4143 651 4200 Macarius
664 4159 779 4217 quoque
792 4159 858 4198 cum
872 4142 929 4199 suis
977 4147 1008 4203 in
1022 4145 1212 4220 scripturiset
1235 4143 1379 4200 cantilena
1393 4142 1572 4200 doctissimus
1587 4147 1616 4199 at
1630 4142 1785 4216 benignus,

111 4233 298 4290 amatoribus
326 4231 449 4288 directim
465 4235 508 4288 est
529 4231 561 4288 in
586 4231 703 4288 exilium
725 4232 761 4287 ed
783 4231 928 4288 civitatem
978 4235 1101 4308 suscepit
1109 4233 1366 4307 divalesJ‘nssiones
1378 4231 1558 4288 Constantini
1567 4230 1668 4305 magni
1678 4231 1786 4288 Princi-

110 4323 292 4390 itomanam,
311 4321 519 4394 decretumque
539 4324 592 4389 est,
611 4323 642 4375 nt
656 4321 795 4377 tollantur
808 4321 930 4378 nomina
978 4325 1022 4397 pis
1035 4324 1072 4380 ad
1084 4321 1280 4378 venerabilem
1292 4322 1401 4377 clerum
1418 4323 1446 4376 et
1459 4321 1610 4394 poputum,
1625 4323 1711 4394 atque
1725 4319 1786 4377 toli-

111 4411 354 4468 Patriarcharum
382 4411 417 4466 de
438 4409 581 4483 dyptichis
608 4411 809 4480 Ecclesiarum,
831 4412 875 4467 vel
894 4381 1126 4469 densissimum
1141 4411 1299 4468 exercitum
1324 4411 1463 4466 Romanae
1487 4409 1618 4480 civitatis,
1648 4425 1701 4482 per
1715 4425 1786 4483 quas

109 4499 245 4572 picturis,
259 4502 310 4555 aut
323 4497 444 4565 toribus,
453 4498 503 4554 ubi
515 4514 576 4554 esse
590 4501 736 4572 poterent,
749 4497 780 4554 id
791 4501 843 4567 est,
853 4499 928 4572 Cyri,
979 4501 1129 4569 concessit,
1144 4498 1239 4572 utqui
1253 4499 1360 4554 electus
1372 4498 1459 4554 tuerit
1480 4497 1510 4553 in
1535 4498 1609 4554 Sede
1622 4497 1787 4572 Apostolioa

110 4587 223 4662 Sergii,
238 4587 344 4660 Pyrrhi
356 4589 385 4642 et
401 4585 492 4654 Pauli,
509 4602 634 4642 necnon
651 4591 680 4644 et
694 4586 781 4656 Petri,
796 4602 930 4660 perquos
979 4589 1125 4662 evestigio
1135 4589 1243 4660 absque
1254 4587 1553 4661 tarditateEpiscopus
1563 4586 1785 4643 ordinetur.llic

110 4695 200 4736 error
214 4678 270 4734 iste
282 4676 484 4750 pullulaverat.
502 4675 642 4732 Catholici
656 4692 724 4732 vero
735 4675 834 4750 populi
849 4679 930 4733 taum
979 4694 1109 4736 unacum
1121 4678 1197 4732 clero
1209 4681 1238 4732 et
1249 4675 1375 4732 exercitu
1384 4675 1659 4751 suscepitmallones
1668 4675 1787 4750 capillo-

108 4767 165 4824 fuit
183 4766 295 4841 gratie,
312 4765 351 4820 ud
365 4765 402 4820 ed
417 4763 549 4820 laetitiam
563 4764 655 4820 sancti
672 4764 800 4834 Concilii,
811 4765 928 4836 quodin
977 4763 1786 4824 rumDominitustinietHeracliitiliorumclementissimi

108 4857 193 4929 regia
207 4855 281 4912 urbe
294 4856 367 4922 erat,
389 4854 517 4910 loannes
532 4852 697 4910 Portnensis
710 4853 928 4927 Episcopus,qni
979 4855 1128 4929 Principis.
1142 4855 1204 4920 Quo
1217 4859 1350 4928 tempore
1364 4854 1498 4929 apparuit
1507 4855 1589 4910 stella
1598 4856 1686 4910 noctu
1700 4852 1787 4909 veluti

109 4961 186 5001 nnus
200 4945 379 5016 legatorum
405 4943 480 5009 erat,
508 4941 726 4998 Dominicorum
750 4941 796 4998 die
819 4945 927 4999 octava
976 4948 1046 5002 luna
1060 4945 1113 5000 suh
1130 4942 1206 5000 nube
1221 4944 1298 5000 inter
1313 4945 1441 4999 namlem
1463 4941 1580 4998 Domini
1595 4942 1786 5014 etTheopha-

108 5033 229 5090 Paschae
245 5031 277 5087 in
301 5030 425 5088 Ecclesia
444 5031 475 5089 S.
505 5029 620 5102 Sophia
635 5047 735 5086 coram
753 5030 883 5104 Principe
898 5034 927 5087 et
977 5035 1157 5093 niam.ltem
1171 5049 1262 5106 prope
1278 5031 1386 5088 eritum
1405 5031 1514 5087 mensis
1534 5030 1681 5087 Februarii
1695 5031 1726 5086 in
1740 5029 1787 5086 die

108 5119 518 5194 Patriarchapnblicasldissas
529 5119 618 5176 latine
629 5120 798 5190 celebraret,
810 5123 839 5176 et
854 5136 925 5176 una·
976 5124 1014 5180 ab
1029 5139 1130 5180 occasu
1144 5121 1213 5178 exiit
1227 5123 1309 5178 stella
1324 5121 1457 5190 meridie,
1470 5123 1500 5176 et
1514 5119 1544 5176 in
1557 5123 1653 5194 partes
1664 5118 1787 5174 Orientis

108 5211 234 5266 nimiter
248 5225 351 5265 omues
367 5208 465 5264 laudes
476 5213 506 5265 et
519 5207 653 5264 victorias
663 5207 859 5281 piissimorum
869 5210 934 5273 lm·¹
976 5211 1141 5268 declinavit.
1155 5213 1222 5267 Post
1233 5212 1382 5267 hoomone
1391 5210 1503 5278 bebius,
1512 5209 1561 5282 qui
1570 5209 1651 5264 estin
1662 5208 1788 5280 Campa-

109 5303 283 5374 peratorum
300 5297 510 5354 adclamarent.
539 5297 670 5369 Suscepit
698 5297 786 5354 etiam
801 5298 925 5354 divalem
975 5295 1789 5372 nia,mensellartioperdiemernctuavit,etomnialoca

106 5387 271 5462 jussionem
282 5386 442 5442 seeundum
451 5403 532 5443 suam
541 5385 778 5459 postulationem,
788 5387 925 5461 quarela·
975 5389 1200 5463 circumquaque
1212 5404 1273 5461 prae
1293 5391 1411 5462 pulvere
1426 5387 1620 5444 exterminata
1639 5386 1714 5441 sunt.
1731 5383 1786 5449 Qui

109 5479 177 5534 rata
189 5479 237 5532 est
248 5475 405 5548 quantitas,
419 5491 483 5548 quae
495 5475 580 5532 solita
594 5479 658 5532 erat
667 5475 731 5532 dari
739 5491 792 5549 pro
809 5475 924 5532 ordina·
975 5495 991 5534 e
1006 5477 1125 5550 vestigio
1140 5477 1307 5534 inttrmitate
1323 5479 1458 5533 detentus
1479 5475 1630 5532 defunctus
1644 5475 1687 5528 est
1698 5487 1731 5526 ac
1744 5487 1788 5526 se-

111 5565 193 5622 tione
206 5563 365 5632 Pontificis,
378 5563 418 5619 sic
431 5567 541 5634 tamen,
552 5567 584 5620 ut
590 5564 613 5619 si
623 5563 778 5638 contigerit
789 5567 854 5636 post
863 5565 926 5637 ejus
977 5567 1073 5641 pullus
1084 5566 1121 5622 ad
1132 5565 1161 5626 S.
1172 5568 1288 5623 Petrum
1301 5567 1469 5639 Apostolum
1478 5564 1530 5619 sub
1541 5563 1588 5618 die
1596 5564 1621 5619 8.
1635 5560 1700 5615 ldus
1708 5558 1785 5615 Enii.

125 5653 275 5713 ransitum
283 5651 454 5709 electionem
468 5654 608 5724 llari,non
615 5652 926 5724 debeatordinari,nisi
976 5657 1012 5712 Et
1032 5655 1153 5712 cessavit
1165 5655 1351 5730 Episcopatus
1363 5669 1477 5710 menses
1491 5657 1517 5710 2.
1534 5651 1604 5708 dies.
1621 5651 1663 5704 ts.
