3862 6170
113 399 153 458 ns
613 390 775 455 HISTORIA
792 387 1015 458 rameon'oil.
1030 427 1065 440 -
1079 391 1144 454 bin.
1158 389 1203 456 ill.

1684 404 1736 465 nt

111 525 193 584 shum,
207 517 233 571 iu
247 515 350 572 linibus
363 515 451 572 ltaliae
466 514 563 583 situm,
586 513 737 571 debellavit
752 518 781 571 et
795 515 880 587 cepit.
893 522 922 585 A
933 515 1004 571 citos
1019 516 1055 572 ab
1070 533 1104 573 eo
1121 517 1223 574 missus
1237 519 1338 576 Persas
1352 509 1553 594 potentissime
1579 523 1735 584 debellavit

111 605 184 669 Quam
196 606 229 658 ob
242 619 366 671 cauam,
385 619 482 660 comes
497 601 755 675 Langobardorum
770 601 881 676 Ragilo,

110 692 218 764 Anagnis
228 691 353 758 veniens,
370 691 612 764 deprmdatusest,
628 693 657 745 et
671 690 707 745 ad
719 691 882 746 socrevcrti

108 781 232 846 tutiusne,
247 779 282 834 ab
295 779 377 835 obvio
392 779 447 835 sibi
462 779 534 835 duce
545 779 732 848 Francorum,
744 778 884 835 Chranui-

110 867 157 921 chis
169 867 289 935 nomine,
304 867 465 938 perimitur.
602 896 605 906 .

386 955 598 1011 carmxvnl.

290 1041 333 1098 Dc
345 1043 451 1098 Justini'
462 1045 572 1098 minori's
589 1045 677 1114 pertis.

131 1132 175 1184 Per
184 1130 240 1184 huc
252 1131 387 1203 tempora
398 1131 476 1203 apud
492 1130 784 1204 Constantinopolim,
796 1136 827 1187 ut
835 1149 882 1188 su·

102 1234 143 1289 pra
163 1217 359 1288 promisimus,
391 1217 520 1273 lustinus
553 1217 649 1273 minor
679 1220 831 1290 regnabat,
852 1219 881 1275 in

100 1308 192 1360 tantam
205 1305 319 1360 avaritae
334 1305 447 1361 deditus
459 1309 491 1360 ut
505 1321 586 1361 arcas
605 1306 712 1362 terreas
723 1307 784 1362 lieri
796 1308 881 1379 jube-

98 1397 140 1459 ret,
154 1393 178 1446 iu
192 1393 294 1465 quihus
305 1409 339 1448 ea
351 1409 415 1465 quae
429 1393 561 1465 rapiebat
575 1393 638 1448 auri
653 1395 761 1450 talentu
775 1411 880 1466 conge·

97 1483 139 1536 ret.
155 1481 201 1535 liic
211 1497 277 1536 cum
290 1481 417 1537 adiriuis
430 1479 683 1536 mandatisaurem
694 1482 788 1537 cordis
798 1498 878 1537 aver·

96 1571 163 1634 teret,
172 1569 249 1638 justo
264 1568 317 1624 Dei
328 1568 438 1640 judicio
446 1585 548 1624 amens
559 1567 675 1624 effectus
685 1571 808 1625 estPost
818 1569 879 1625 haec

11 1717 12 1721 ,
95 1655 241 1727 lyhencum
259 1656 402 1712 Caesarem
428 1655 610 1729 adscivit,qui
637 1656 697 1727 ejus
721 1657 878 1729 imperinm

94 1743 259 1814 gubernaret,
277 1743 427 1800 hominem
433 1743 669 1815 justummtilcm,
681 1745 878 1817 eleemosyna·

92 1830 334 1904 rium,sapientem,
345 1831 375 1887 in
386 1831 502 1903 judiciis
516 1849 642 1905 aequum,
655 1832 684 1886 in
699 1832 813 1888 victoris
823 1831 914 1891 cla-B

91 1924 174 1975 rumet
188 1920 466 1994 lqnodhisomnibus
477 1921 686 1994 supereminet)
695 1922 875 1978 verissimum

89 2007 275 2063 Christianum.
290 2009 380 2079 lgitur
392 2008 516 2064 tustinus
531 2025 596 2064 cum
627 2009 762 2065 undecim
787 2011 878 2082 impe·

87 2101 159 2150 rasel
172 2097 268 2164 aunis,
278 2097 439 2152 amentiam
460 2096 589 2160 taudem,
604 2115 692 2171 quam
704 2098 875 2168 incurrerat,

87 2184 323 2239 cumvitalinivit.
341 2185 418 2240 Bella
446 2201 527 2254 sane,
549 2202 613 2257 quas
642 2201 695 2259 per
727 2187 875 2242 Narsctem

85 2271 220 2342 patricium
234 2273 337 2328 Gothis
353 2273 397 2328 vel
427 2274 542 2329 Francis
566 2274 646 2330 illata
672 2275 801 2348 superius
823 2293 876 2348 per

85 2360 307 2431 anticipationem
316 2360 613 2429 diximus,tustiuieui
627 2363 874 2436 quidem'gtempu·

932 604 1078 678 victorque
1098 606 1265 677 regrediens
1277 611 1390 664 tautam
1406 611 1512 681 praeda
1535 614 1644 669 molem
1669 632 1735 673 curn

932 691 1033 764 viginti
1044 693 1152 765 pariter
1166 695 1327 766 elephantis
1340 697 1499 753 abduxitut
1513 699 1649 758 humanae
1676 721 1736 760 cra-

934 779 1050 836 deretur
1064 798 1146 854 posse
1161 783 1292 839 sulficere
1304 785 1463 858 cupiditati.

1270 907 1382 964 CAPUT
1392 909 1445 969 llll.

985 993 1027 1049 De
1041 993 1240 1052 Britannorum
1255 997 1332 1052 rebus
1344 1004 1370 1052 et
1384 998 1541 1056 Guntranni'
1550 1003 1681 1073 facinore.

967 1092 1041 1146 hum
1057 1091 1118 1148 hoec
1133 1091 1164 1148 in
1178 1092 1301 1148 Orientis
1316 1097 1457 1164 geruntur
1478 1097 1617 1168 partibus,
1632 1099 1662 1156 in
1678 1102 1736 1158 Bri·

932 1178 1039 1234 tanniis
1058 1179 1120 1236 haec
1147 1183 1211 1236 scta
1225 1182 1299 1236 suut.
1312 1181 1462 1238 ldacliavus
1484 1186 1513 1240 et
1540 1186 1660 1246 bodicus
1685 1189 1733 1246 illo

931 1268 1064 1338 ternpore
1079 1266 1199 1323 comites
1222 1267 1372 1324 [tritonum
1385 1273 1468 1326 erant
1479 1288 1489 1336 ς
1499 1272 1549 1344 qui
1575 1276 1733 1334 amicitiam

930 1356 1061 1408 mutuam
1078 1355 1266 1410 sacramentis
1279 1355 1439 1412 adinvicem
1465 1358 1538 1414 datis
1563 1361 1732 1432 junxerant.

929 1441 1038 1498 Mortuo
1054 1442 1328 1512 Bodicofflacliavus
1339 1443 1431 1500 illium
1443 1445 1505 1516 ejus
1523 1448 1733 1508 Theodericum

930 1527 965 1583 de
976 1545 1068 1600 reguo
1076 1530 1233 1586 Britannia
1241 1531 1358 1603 expulit.
1367 1531 1570 1603 Theudoricus,
1579 1539 1735 1609 resumptis

928 1615 1046 1684 viribus,
1061 1617 1231 1674 Maelianum
1254 1635 1320 1676 cnm
1335 1619 1394 1676 illio
1411 1619 1483 1691 ejus,
1495 1621 1583 1679 Jacob
1602 1625 1734 1695 nominc,

928 1694 1073 1752 interiecit
1085 1701 1295 1770 paternamque
1306 1698 1505 1756 haereditatem
1516 1702 1635 1774 recepit.
1642 1704 1735 1762 Varo·

928 1801 977 1838 cus
989 1785 1113 1841 ldacliavi
1126 1785 1202 1841 lilius
1218 1786 1294 1858 patri
1309 1785 1491 1844 incomitata
1504 1791 1640 1850 succedit.
1655 1793 1734 1850 Tunc

927 1891 1042 1946 quoque
1056 1875 1251 1944 Guntrannus,
1262 1891 1312 1931 rex
1332 1875 1519 1946 Francorum,
1535 1880 1606 1936 duos
1619 1881 1734 1960 llagna·

927 1962 1017 2017 charii
1031 1962 1120 2019 soceri
1135 1963 1285 2035 quondam
1297 1963 1340 2018 sui
1359 1965 1434 2020 illius
1456 1964 1615 2036 interemit,
1642 1969 1732 2028 facul·

927 2052 1000 2105 tates
1015 2066 1117 2106 eorum
1128 2051 1195 2106 lisco
1203 2049 1366 2123 subjiciens.
1375 2051 1485 2108 Dehinc
1495 2055 1645 2112 subsecuta
1654 2074 1732 2114 mors

927 2137 1051 2193 duorum
1070 2137 1198 2194 liliorum
1217 2137 1304 2211 ipsius
1318 2144 1370 2196 est.
1388 2138 1570 2216 Quapropter
1582 2143 1729 2201 Guntran·

926 2241 980 2282 nus
992 2225 1088 2282 liberis
1107 2227 1464 2290 orbatus,Childehe1·tum
1485 2246 1569 2286 suurn
1583 2248 1616 2288 ex
1643 2233 1732 2290 fratre

926 2312 1076 2385 Sigeberto
1092 2319 1229 2388 nepotem
1242 2315 1390 2388 adoptavit
1403 2316 1433 2372 iu
1446 2317 1551 2378 illium.

1228 2438 1341 2495 carm
1356 2439 1426 2498 lle.

1013 2525 1055 2581 De
1070 2523 1217 2598 chilperici
1230 2528 1262 2583 in
1276 2527 1470 2586 Praeteatutum
1481 2531 1624 2588 simultate.

175 2623 212 2679 De
225 2625 336 2680 Tiberio
350 2623 523 2680 Coristantino
538 2628 634 2697 atejus
649 2629 767 2698 imperia
961 2622 1136 2696 Chilpericus
1161 2624 1250 2679 lratre
1276 2625 1347 2696 ejus,
1374 2627 1447 2681 alter
1464 2643 1514 2684 rex
1540 2629 1729 2701 Francorum,

108 2711 210 2768 llortuo
222 2713 349 2777 tustino,
372 2713 500 2768 Tiberius
515 2713 717 2770 Constantinus
731 2715 874 2771 Romano·
925 2713 1400 2785 Praetextatumltolhamagensem
1407 2715 1574 2788 episcopum
1582 2719 1732 2777 exsiliode-

81 2813 134 2853 rum
143 2816 240 2872 regum
250 2800 509 2873 quinquagesimus
516 2801 637 2873 sumpsit
646 2802 873 2873 imperiumllic,
926 2798 1051 2868 stinavit,
1067 2816 1102 2856 eo
1113 2800 1324 2872 quod,consilio
1334 2801 1524 2858 Brunichildis
1538 2805 1731 2878 reginaeusus,

81 2887 237 2957 utsuperius
255 2887 391 2954 diximus,
406 2889 457 2944 sub
469 2887 578 2943 tustino
594 2889 688 2944 adhuc
702 2889 795 2946 Caesar
808 2908 874 2946 cum
926 2886 1043 2943 insidias
1055 2887 1109 2960 ipsi
1124 2905 1238 2959 parasse
1255 2889 1407 2944 diceretur.
1418 2891 1639 2950 lderoveusvero
1655 2896 1730 2952 lilius

80 2975 281 3046 rempublicam
292 2979 406 3048 regeret
418 2980 447 3031 et
457 2977 562 3032 multas
573 2977 876 3051 egeniseleemosynas
927 2975 999 3046 ejus,
1017 2992 1105 3046 quern
1133 2979 1314 3031 tonsuratum
1334 2993 1368 3032 aa
1383 2979 1559 3035 monasterio
1582 2981 1731 3040 detrusum

79 3068 208 3132 erogaret,
223 3080 369 3135 magnam
382 3064 407 3120 ei
423 3063 563 3120 Dominus
574 3065 635 3120 auri
646 3065 760 3137 copiam
770 3067 877 3122 submi·
926 3078 944 3116 a
972 3064 1054 3133 patre
1097 3063 1184 3118 luisse
1222 3063 1459 3133 memoravimus,
1498 3065 1603 3123 iterum
1643 3069 1731 3127 laicus

79 3149 206 3210 nistravit.
221 3153 301 3207 Nam
317 3151 507 3208 deambulans
517 3169 569 3224 per
583 3153 733 3226 palatium,
751 3155 820 3210 vidit
847 3155 875 3210 iu
926 3149 1059 3206 eflicitur.
1088 3152 1160 3207 Nam
1189 3168 1207 3207 a
1233 3152 1402 3209 Guutranuo
1433 3153 1515 3222 doce,
1545 3156 1581 3211 de
1608 3174 1665 3230 quo
1685 3175 1731 3215 se-

77 3239 229 3308 parimento
241 3240 348 3296 domus
358 3240 486 3296 tabulam
499 3257 705 3311 marmoream,
715 3242 875 3300 Dominicis
927 3255 1018 3310 quens
1053 3256 1149 3295 sermo
1179 3241 1263 3312 plura
1287 3240 1427 3310 narrabit,
1454 3257 1507 3313 per
1535 3243 1645 3315 lagatos
1673 3247 1731 3302 sol-

76 3328 153 3382 erucis
163 3329 270 3384 vexillo
286 3329 465 3401 insignitam,
479 3332 508 3383 et
521 3330 577 3385 ait:
596 3330 743 3386 «Crucem
760 3331 877 3388 Domini
927 3327 1060 3395 licitatus,
1074 3329 1250 3385 monasterio
1274 3346 1403 3400 egressus
1415 3333 1444 3385 et
1467 3330 1610 3388 aGaileno
1624 3351 1674 3390 suo
1689 3335 1732 3392 fa·

75 3417 551 3490 qoapectuslronlemquemunire
562 3417 878 3492 dehemus,iudignisut
927 3416 1033 3472 miliari
1061 3420 1138 3473 veste
1153 3417 1244 3472 laicali
1260 3417 1386 3486 indutus,
1398 3417 1435 3473 ad
1455 3419 1603 3476 ecclesiam
1635 3421 1731 3480 Sancti

76 3505 272 3578 quidpodibus
285 3507 516 3562 conculcamus?
532 3528 546 3556 »
562 3507 597 3562 Et
608 3507 691 3562 simul
711 3524 777 3563 cum
789 3509 875 3565 uerbo
925 3504 1038 3560 Martini
1050 3505 1171 3560 Turonis
1197 3509 1228 3560 ut
1247 3507 1428 3578 confugeret,
1453 3510 1496 3562 ast
1514 3507 1662 3581 impulsus.
1686 3513 1731 3568 Ad

70 3591 144 3662 jussit
156 3597 300 3652 eamdem
315 3595 444 3650 tabulam
469 3595 575 3650 aulerri
591 3612 608 3650 a
622 3594 799 3666 parimento.
815 3596 876 3661 Qua
925 3592 1001 3649 hanc
1026 3594 1190 3668 deniqueet
1204 3595 1263 3666 ipse
1286 3596 1449 3651 Guntranus
1463 3597 1643 3670 confugerat,
1668 3617 1731 3657 irie·

75 3685 170 3745 amota,
181 3682 337 3755 reperiunt
352 3684 381 3737 ct
392 3681 478 3737 aliam
492 3681 578 3736 simili
596 3681 743 3754 signaculo
761 3699 875 3755 expres·
926 3686 1010 3737 tuens
1024 3683 1118 3738 minas
1131 3683 1209 3755 regis
1224 3683 1385 3754 Chilperici,
1404 3700 1438 3740 eo
1453 3685 1531 3757 qnod
1546 3686 1690 3744 diceretur
1700 3689 1732 3745 fl·

73 3783 135 3824 mm.
149 3771 218 3826 Post
231 3772 311 3826 hanc
326 3786 441 3844 quoque
462 3770 611 3843 reperiunt
623 3773 653 3824 et
663 3771 788 3827 tertiam.
806 3772 877 3836 Qui·
925 3770 996 3826 lium
1009 3771 1730 3846 ejusTheodebertuminbellosuperiusmemorato

73 3853 237 3928 husablatis,
259 3857 465 3914 inaestimabilis
479 3859 585 3931 diuque
601 3860 758 3915 occultatus
781 3859 810 3915 in
832 3862 875 3917 lu·
926 3857 1118 3925 interemisse,
1134 3857 1315 3930 Quapropter
1338 3859 1512 3931 chilpericus
1535 3862 1730 3921 llnccolcnum

72 3959 127 4000 cern
140 3947 460 4019 proferturthesaurus.
473 3945 565 4012 Quem
574 3946 795 4019 Tiberiusp'mta
805 3964 876 4004 con·
926 3947 1211 4019 quemdamluronis
1226 3947 1370 4002 direxerat
1382 3947 1431 4020 qui
1444 3964 1511 4003 cum
1524 3948 1659 4007 exindevi
1669 3952 1731 4009 abs-

73 4038 175 4090 suetum
188 4037 246 4092 sihi
263 4051 387 4100 morem,
401 4034 577 4108 pauperibus
592 4037 734 4107 erogavit.
751 4037 876 4096 Narsctis
926 4036 1064 4093 traheret.
1076 4037 1253 4091 Ruccolenus
1268 4035 1390 4090 Turonis
1404 4035 1522 4092 veniens
1536 4037 1621 4094 heato
1634 4040 1730 4110 ponti·

73 4125 362 4196 quoquetbesaurum
371 4123 401 4178 in
411 4123 537 4195 quadam
551 4123 638 4178 ltaliae
649 4125 721 4180 orbe
734 4127 810 4182 terra
826 4127 875 4183 de·
926 4123 972 4178 lici
981 4128 1050 4179 tunc
1064 4124 1202 4197 Gregorio
1211 4123 1359 4179 mandavit
1368 4126 1400 4179 ut
1415 4123 1615 4181 Guutrannum
1630 4127 1728 4183 abasi-

73 4207 874 4286 lossum,quodamdeerepitoindicanteseneinventum,
926 4213 980 4268 lica
1007 4215 1106 4268 sancta
1134 4212 1298 4285 expelleret.
1322 4211 1404 4276 Quod
1429 4211 1451 4267 si
1473 4229 1559 4286 agere
1590 4214 1728 4286 differret,

73 4293 98 4350 io
108 4298 199 4356 simile
209 4300 360 4356 dirtribuit
372 4316 453 4373 opus.
471 4299 578 4372 Sophia
590 4316 658 4356 vero
673 4303 808 4374 Augusta,
825 4305 876 4359 im·
926 4301 1011 4356 sciret
1022 4317 1090 4356 eum
1105 4317 1172 4357 cum
1187 4301 1281 4356 valida
1293 4317 1384 4356 manu
1396 4303 1549 4358 venturum
1565 4305 1594 4358 et
1607 4303 1729 4360 haecim·

73 4401 176 4445 memor
184 4390 389 4464 promissionis
402 4405 488 4463 quam
505 4389 619 4444 Tiberio
633 4391 753 4460 iecerat,
764 4409 829 4449 cum
839 4394 875 4450 ab
887 4386 913 4447 D
925 4391 1082 4462 picturum.
1102 4391 1222 4446 Sanctus
1232 4393 1330 4445 autern
1345 4390 1464 4446 antistes
1484 4392 1634 4464 respondit
1650 4409 1657 4449 :
1671 4394 1729 4450 lloc

72 4473 186 4551 imperio
197 4495 351 4535 removere
367 4478 615 4551 iustinianumque
626 4479 728 4534 tostini
738 4486 874 4554 nepotem
926 4495 1076 4551 nunquam
1099 4479 1185 4534 tuine
1200 4478 1321 4550 sactum,
1337 4495 1389 4534 nec
1405 4495 1422 4534 a
1436 4495 1465 4534 se
1478 4480 1536 4535 ullo
1565 4481 1653 4537 modo
1669 4499 1730 4539 esse

71 4567 238 4624 substituere
257 4567 534 4632 moliebatur.Quod
545 4569 706 4640 Imperator
717 4586 876 4642 agnoscens
925 4565 1223 4622 faciendumlnterim
1240 4567 1327 4622 miser
1343 4566 1413 4622 dum
1447 4567 1568 4623 domum
1592 4570 1729 4639 ecclesia,

71 4655 222 4727 Augustam
239 4657 378 4713 custodiae
394 4655 568 4729 mancipavit
583 4673 589 4724 ;
603 4656 798 4714 lastinianum
812 4676 876 4714 ver·
925 4655 956 4710 in
967 4673 1024 4727 qua
1039 4654 1248 4728 hospitabatur,
1265 4655 1413 4710 destruere
1428 4655 1729 4730 conformidat,rogio

71 4741 307 4819 hisohjurgatum
335 4745 533 4802 blandioribus
561 4747 643 4800 tanto
668 4745 698 4800 in
727 4751 874 4818 posterum
925 4743 1403 4815 correptnsmorbo,abbasilicam
1418 4743 1731 4802 sanctildartinideter·

71 4845 161 4890 cruore
176 4835 282 4891 dilexit
292 4837 323 4890 ut
343 4833 431 4889 liliam
442 4850 524 4888 suam
537 4833 596 4888 tilio
619 4833 681 4904 ejus
690 4835 875 4904 promitteret
923 4831 1026 4900 tor,ibi
1037 4833 1077 4887 nil
1088 4833 1210 4888 medelae
1222 4831 1415 4905 adeptus,n0n
1424 4835 1489 4906 post
1504 4833 1678 4890 multosdies
1688 4837 1731 4890 est

70 4933 97 4972 ac
110 4921 167 4978 tilio
183 4939 239 4978 suo
255 4922 346 4977 liliam
359 4922 420 4993 cJ'us
435 4921 604 4977 sociandam
622 4926 799 4994 exposceret.
816 4922 872 4979 Sed
923 4919 1180 4976 defunctusPorro
1203 4920 1349 4976 Maroneus
1364 4919 1399 4976 ad
1413 4920 1597 4991 saepedictam
1612 4921 1732 4978 veniens

69 5005 176 5065 haeres
189 5009 539 5084 quadecausaincertum
554 5013 656 5065 estcur
667 5027 726 5066 non
742 5012 874 5082 pervenit
923 5009 1083 5077 ecclesiam,
1096 5011 1260 5064 memorato
1282 5008 1418 5081 pontillce
1433 5008 1533 5065 missas
1556 5010 1730 5080 celebrante,

70 5097 101 5152 'sd
113 5099 263 5155 ellectum.
275 5100 317 5154 Ad
329 5099 406 5155 hunc
420 5099 607 5172 chilpericus,
620 5114 671 5153 rex
683 5098 872 5169 Francorum,
924 5099 1081 5168 petiiteum
1095 5097 1223 5169 eulogias
1235 5097 1288 5152 sibi
1303 5097 1448 5162 dareOuo
1458 5101 1731 5166 recussante,mioa·

70 5199 129 5241 suos
143 5187 279 5259 dirigens
293 5188 413 5260 legatos,
432 5187 572 5243 multaab
588 5204 622 5243 eo
635 5191 875 5252 ornamentum·
924 5194 969 5245 tus
980 5189 1022 5243 cst
1036 5203 1066 5241 se
1081 5185 1222 5259 quosdam
1234 5185 1269 5240 de
1278 5186 1574 5258 populointerimere,
1591 5189 1730 5261 quoniam

69 5289 127 5330 reas
142 5277 236 5333 etiam
251 5276 428 5348 singularum
441 5277 566 5349 suscepit
580 5276 874 5345 librarum,habentes
925 5275 1362 5348 sinejudiciosaccrdotumeum
1372 5276 1579 5332 commuuione
1594 5275 1728 5348 privaret.

71 5363 103 5416 ab
121 5368 280 5438 unapartc
299 5365 628 5438 elligiemimperatoris
654 5368 683 5421 et
711 5365 740 5420 in
768 5367 874 5423 circulo
923 5368 1001 5422 'lunc
1011 5363 1141 5438 pontifex
1155 5362 1284 5436 eulogias
1307 5363 1426 5437 quidem
1439 5363 1466 5419 ei
1486 5365 1575 5432 dedit,
1586 5365 1648 5437 regi
1662 5381 1729 5421 vero

70 5453 224 5526 scriptum:
240 5453 343 5510 'lineari
368 5455 551 5511 Consrunrim
578 5471 706 5510 rearerm
732 5456 874 5523 hucusr1‚·
925 5472 977 5528 per
990 5454 1145 5510 diaconum
1173 5452 1299 5508 innotuit
1311 5469 1375 5525 quae
1394 5457 1458 5508 acta
1480 5452 1606 5508 lucrant.
1621 5453 1731 5526 Regina

71 5541 104 5595 ab
120 5543 262 5599 allusero
277 5543 447 5617 quadrigam
469 5559 501 5599 ac
514 5559 698 5599 ascensorem
723 5544 875 5600 coutinen·
924 5545 1022 5616 itaque
1037 5543 1180 5596 clamante
1206 5541 1301 5614 ipsum
1327 5541 1463 5597 clericum
1487 5541 1698 5613 exploratorem
1710 5557 1730 5596 a

72 5635 168 5708 tesqua
183 5629 326 5708 scriptum
345 5634 472 5692 :Gnosia
498 5633 781 5708 nonusnullum
793 5651 874 5692 exor-
924 5629 1257 5700 Heroveomissum,rex
1270 5645 1337 5686 euru
1361 5629 1392 5685 in
1420 5627 1553 5686 exsilium
1580 5627 1730 5700 relegavit.

85 2447 148 2503 n'hus
161 2452 268 2521 coepta,
285 2449 335 2504 sed
346 2450 397 2505 suh
411 2450 522 2506 lustina
537 2451 697 2507 terminata
707 2455 783 2507 sunt.

385 2537 497 2593 CAPUT
512 2539 575 2593 lllll.
