<?xml version="1.0" encoding="UTF-8"?>
<!DOCTYPE html PUBLIC "-//W3C//DTD XHTML 1.0 Transitional//EN"
    "http://www.w3.org/TR/xhtml1/DTD/xhtml1-transitional.dtd">
<html xmlns="http://www.w3.org/1999/xhtml" xml:lang="en" lang="en">
 <head>
  <title>
</title>
<meta http-equiv="Content-Type" content="text/html;charset=utf-8" />
  <meta name='ocr-system' content='tesseract 3.04.00' />
  <meta name='ocr-capabilities' content='ocr_page ocr_carea ocr_par ocr_line ocrx_word'/>
</head>
<body>
  <div class='ocr_page' id='page_1' title='image "./patrologiaecurs96unkngoog/patrologiaecurs96unkngoog_0123.png"; bbox 0 0 3936 6172; ppageno 0'>
   <div class='ocr_carea' id='block_1_1' title="bbox 102 401 1764 492">
    <p class='ocr_par' dir='ltr' id='par_1_1' title="bbox 102 401 1764 492">
     <span class='ocr_line' id='line_1_1' title="bbox 102 401 1764 492; baseline -0.005 -5"><span class='ocrx_word' id='word_1_1' title='bbox 102 429 156 488; x_wconf 77' lang='lat' dir='ltr'><strong>m</strong></span> <span class='ocrx_word' id='word_1_2' title='bbox 380 401 417 446; x_wconf 88' lang='lat'><strong>·&#39;</strong></span> <span class='ocrx_word' id='word_1_3' title='bbox 558 417 680 484; x_wconf 81' lang='lat' dir='ltr'><strong>samio</strong></span> <span class='ocrx_word' id='word_1_4' title='bbox 690 419 713 482; x_wconf 87' lang='lat'><strong>1.</strong></span> <span class='ocrx_word' id='word_1_5' title='bbox 730 453 764 470; x_wconf 86' lang='lat'>-</span> <span class='ocrx_word' id='word_1_6' title='bbox 780 415 870 481; x_wconf 73' lang='lat' dir='ltr'><strong>surr</strong></span> <span class='ocrx_word' id='word_1_7' title='bbox 888 415 1032 482; x_wconf 84' lang='lat' dir='ltr'><strong>snnnu</strong></span> <span class='ocrx_word' id='word_1_8' title='bbox 1045 413 1309 482; x_wconf 68' lang='lat' dir='ltr'><strong>semmurum.</strong></span> <span class='ocrx_word' id='word_1_9' title='bbox 1710 429 1764 492; x_wconf 49' lang='grc' dir='ltr'><strong>ξω</strong></span> 
     </span>
    </p>
   </div>
   <div class='ocr_carea' id='block_1_2' title="bbox 96 545 1820 4004">
    <p class='ocr_par' dir='ltr' id='par_1_2' title="bbox 96 545 1820 4004">
     <span class='ocr_line' id='line_1_2' title="bbox 101 545 1820 630; baseline 0.003 -23"><span class='ocrx_word' id='word_1_10' title='bbox 101 550 253 626; x_wconf 85' lang='lat' dir='ltr'><strong>placuerit,</strong></span> <span class='ocrx_word' id='word_1_11' title='bbox 269 552 299 606; x_wconf 87' lang='lat' dir='ltr'><strong>et</strong></span> <span class='ocrx_word' id='word_1_12' title='bbox 319 547 344 606; x_wconf 88' lang='lat' dir='ltr'><strong>si</strong></span> <span class='ocrx_word' id='word_1_13' title='bbox 370 545 499 622; x_wconf 73' lang='lat' dir='ltr'><strong>dignaris</strong></span> <span class='ocrx_word' id='word_1_14' title='bbox 524 552 661 621; x_wconf 77' lang='lat' dir='ltr'><strong>prestare</strong></span> <span class='ocrx_word' id='word_1_15' title='bbox 690 549 767 623; x_wconf 91' lang='lat' dir='ltr'><strong>quod</strong></span> <span class='ocrx_word' id='word_1_16' title='bbox 793 549 945 622; x_wconf 66' lang='lat' dir='ltr'><strong>placeret,</strong></span> <span class='ocrx_word' id='word_1_17' title='bbox 960 564 1015 621; x_wconf 84' lang='lat' dir='ltr'><strong>ego</strong></span> <span class='ocrx_word' id='word_1_18' title='bbox 1029 548 1079 604; x_wconf 90' lang='lat' dir='ltr'><strong>illa</strong></span> <span class='ocrx_word' id='word_1_19' title='bbox 1092 549 1196 604; x_wconf 83' lang='lat' dir='ltr'><strong>Emma</strong></span> <span class='ocrx_word' id='word_1_20' title='bbox 1209 548 1359 621; x_wconf 86' lang='lat' dir='ltr'><strong>quondam</strong></span> <span class='ocrx_word' id='word_1_21' title='bbox 1373 548 1549 607; x_wconf 76' lang='lat' dir='ltr'>Francorum</span> <span class='ocrx_word' id='word_1_22' title='bbox 1566 552 1678 627; x_wconf 60' lang='lat' dir='ltr'><strong>regrina,</strong></span> <span class='ocrx_word' id='word_1_23' title='bbox 1695 545 1760 630; x_wconf 73' lang='lat' dir='ltr'><strong>quse</strong></span> <span class='ocrx_word' id='word_1_24' title='bbox 1814 545 1820 558; x_wconf 77' lang='grc'><em>’</em></span> 
     </span>
     <span class='ocr_line' id='line_1_3' title="bbox 101 636 1762 716; baseline 0.004 -21"><span class='ocrx_word' id='word_1_25' title='bbox 101 640 201 716; x_wconf 88' lang='lat' dir='ltr'><strong>possit.</strong></span> <span class='ocrx_word' id='word_1_26' title='bbox 960 639 1004 692; x_wconf 92' lang='lat' dir='ltr'><strong>tot</strong></span> <span class='ocrx_word' id='word_1_27' title='bbox 1019 636 1145 694; x_wconf 91' lang='lat' dir='ltr'><strong>millibus</strong></span> <span class='ocrx_word' id='word_1_28' title='bbox 1160 636 1394 710; x_wconf 81' lang='lat' dir='ltr'><strong>imperarI,nunc</strong></span> <span class='ocrx_word' id='word_1_29' title='bbox 1403 655 1457 695; x_wconf 90' lang='lat' dir='ltr'><strong>nec</strong></span> <span class='ocrx_word' id='word_1_30' title='bbox 1466 643 1762 702; x_wconf 82' lang='lat' dir='ltr'><strong>vernaculosccmitee</strong></span> 
     </span>
     <span class='ocr_line' id='line_1_4' title="bbox 352 725 1764 800; baseline 0.004 -15"><span class='ocrx_word' id='word_1_31' title='bbox 352 727 521 785; x_wconf 81' lang='lat' dir='ltr'>EPISTOLA</span> <span class='ocrx_word' id='word_1_32' title='bbox 544 727 657 784; x_wconf 79' lang='lat' dir='ltr'>CXLIII.</span> <span class='ocrx_word' id='word_1_33' title='bbox 960 725 1065 794; x_wconf 88' lang='lat' dir='ltr'><strong>babeo,</strong></span> <span class='ocrx_word' id='word_1_34' title='bbox 1077 726 1181 799; x_wconf 82' lang='lat' dir='ltr'><strong>quibus</strong></span> <span class='ocrx_word' id='word_1_35' title='bbox 1193 726 1289 782; x_wconf 84' lang='lat' dir='ltr'><strong>saltim</strong></span> <span class='ocrx_word' id='word_1_36' title='bbox 1300 725 1680 800; x_wconf 81' lang='lat' dir='ltr'><strong>stipataconrentusadeam</strong></span> <span class='ocrx_word' id='word_1_37' title='bbox 1689 733 1764 791; x_wconf 88' lang='lat' dir='ltr'><strong>tenti</strong></span> 
     </span>
     <span class='ocr_line' id='line_1_5' title="bbox 133 812 1765 892; baseline 0.002 -17"><span class='ocrx_word' id='word_1_38' title='bbox 133 819 163 875; x_wconf 91' lang='lat' dir='ltr'><strong>Si</strong></span> <span class='ocrx_word' id='word_1_39' title='bbox 175 833 358 892; x_wconf 89' lang='lat' dir='ltr'><strong>eam,quam</strong></span> <span class='ocrx_word' id='word_1_40' title='bbox 370 817 401 874; x_wconf 91' lang='lat' dir='ltr'><strong>in</strong></span> <span class='ocrx_word' id='word_1_41' title='bbox 416 817 550 874; x_wconf 85' lang='lat' dir='ltr'><strong>maximis</strong></span> <span class='ocrx_word' id='word_1_42' title='bbox 567 818 653 873; x_wconf 86' lang='lat' dir='ltr'><strong>rebus</strong></span> <span class='ocrx_word' id='word_1_43' title='bbox 669 817 908 874; x_wconf 78' lang='lat' dir='ltr'><strong>benevolentiam</strong></span> <span class='ocrx_word' id='word_1_44' title='bbox 960 812 1039 870; x_wconf 89' lang='lat' dir='ltr'><strong>ducis</strong></span> <span class='ocrx_word' id='word_1_45' title='bbox 1060 813 1186 880; x_wconf 88' lang='lat' dir='ltr'><strong>llcnrici,</strong></span> <span class='ocrx_word' id='word_1_46' title='bbox 1208 831 1261 870; x_wconf 89' lang='lat' dir='ltr'><strong>uec</strong></span> <span class='ocrx_word' id='word_1_47' title='bbox 1285 815 1469 873; x_wconf 76' lang='lat' dir='ltr'><strong>desiderabili</strong></span> <span class='ocrx_word' id='word_1_48' title='bbox 1489 820 1644 890; x_wconf 79' lang='lat' dir='ltr'><strong>praesentia</strong></span> <span class='ocrx_word' id='word_1_49' title='bbox 1669 825 1765 879; x_wconf 84' lang='lat' dir='ltr'><strong>rastra</strong></span> 
     </span>
     <span class='ocr_line' id='line_1_6' title="bbox 98 887 1762 982; baseline 0.001 -18"><span class='ocrx_word' id='word_1_50' title='bbox 98 907 160 964; x_wconf 89' lang='lat' dir='ltr'><strong>sine</strong></span> <span class='ocrx_word' id='word_1_51' title='bbox 172 906 458 975; x_wconf 83' lang='lat' dir='ltr'><strong>allectncontulistis,</strong></span> <span class='ocrx_word' id='word_1_52' title='bbox 470 923 546 963; x_wconf 89' lang='lat' dir='ltr'><strong>nunc</strong></span> <span class='ocrx_word' id='word_1_53' title='bbox 554 906 583 963; x_wconf 93' lang='lat' dir='ltr'><strong>in</strong></span> <span class='ocrx_word' id='word_1_54' title='bbox 595 887 829 962; x_wconf 71' lang='lat' dir='ltr'><strong>mihimiscausis</strong></span> <span class='ocrx_word' id='word_1_55' title='bbox 837 922 910 978; x_wconf 87' lang='lat' dir='ltr'><strong>praa-</strong></span> <span class='ocrx_word' id='word_1_56' title='bbox 958 903 1015 958; x_wconf 89' lang='lat' dir='ltr'><strong>Irui</strong></span> <span class='ocrx_word' id='word_1_57' title='bbox 1030 903 1097 958; x_wconf 88' lang='lat' dir='ltr'><strong>licet</strong></span> <span class='ocrx_word' id='word_1_58' title='bbox 1118 919 1203 959; x_wconf 86' lang='lat' dir='ltr'><strong>causa</strong></span> <span class='ocrx_word' id='word_1_59' title='bbox 1231 904 1382 977; x_wconf 79' lang='lat' dir='ltr'><strong>captandae</strong></span> <span class='ocrx_word' id='word_1_60' title='bbox 1409 905 1507 962; x_wconf 87' lang='lat' dir='ltr'><strong>salutis</strong></span> <span class='ocrx_word' id='word_1_61' title='bbox 1526 910 1613 982; x_wconf 87' lang='lat' dir='ltr'><strong>atque</strong></span> <span class='ocrx_word' id='word_1_62' title='bbox 1639 909 1762 967; x_wconf 90' lang='lat' dir='ltr'><strong>consilii.</strong></span> 
     </span>
     <span class='ocr_line' id='line_1_7' title="bbox 96 991 1763 1070; baseline 0.004 -19"><span class='ocrx_word' id='word_1_63' title='bbox 96 997 189 1064; x_wconf 73' lang='lat' dir='ltr'><strong>datis,</strong></span> <span class='ocrx_word' id='word_1_64' title='bbox 206 1011 269 1052; x_wconf 93' lang='lat' dir='ltr'><strong>non</strong></span> <span class='ocrx_word' id='word_1_65' title='bbox 283 1011 403 1070; x_wconf 82' lang='lat' dir='ltr'><strong>parvam</strong></span> <span class='ocrx_word' id='word_1_66' title='bbox 416 995 533 1052; x_wconf 84' lang='lat' dir='ltr'><strong>leudem</strong></span> <span class='ocrx_word' id='word_1_67' title='bbox 546 1011 600 1050; x_wconf 91' lang='lat' dir='ltr'><strong>nec</strong></span> <span class='ocrx_word' id='word_1_68' title='bbox 613 994 769 1050; x_wconf 92' lang='lat' dir='ltr'><strong>minimum</strong></span> <span class='ocrx_word' id='word_1_69' title='bbox 782 994 909 1050; x_wconf 82' lang='lat' dir='ltr'><strong>fructum</strong></span> <span class='ocrx_word' id='word_1_70' title='bbox 958 991 1065 1050; x_wconf 77' lang='lat' dir='ltr'><strong>Adsitis</strong></span> <span class='ocrx_word' id='word_1_71' title='bbox 1078 1007 1149 1066; x_wconf 80' lang='lat' dir='ltr'><strong>ergo</strong></span> <span class='ocrx_word' id='word_1_72' title='bbox 1164 997 1271 1049; x_wconf 77' lang='lat' dir='ltr'><strong>nostre</strong></span> <span class='ocrx_word' id='word_1_73' title='bbox 1284 1009 1376 1050; x_wconf 81' lang='lat' dir='ltr'><strong>causae</strong></span> <span class='ocrx_word' id='word_1_74' title='bbox 1398 993 1576 1062; x_wconf 77' lang='lat' dir='ltr'><strong>differenda,</strong></span> <span class='ocrx_word' id='word_1_75' title='bbox 1592 1015 1652 1056; x_wconf 90' lang='lat' dir='ltr'><strong>non</strong></span> <span class='ocrx_word' id='word_1_76' title='bbox 1667 998 1763 1056; x_wconf 90' lang='lat' dir='ltr'><strong>deter-</strong></span> 
     </span>
     <span class='ocr_line' id='line_1_8' title="bbox 97 1080 1761 1158; baseline 0.004 -18"><span class='ocrx_word' id='word_1_77' title='bbox 97 1101 218 1158; x_wconf 88' lang='lat' dir='ltr'><strong>sperare</strong></span> <span class='ocrx_word' id='word_1_78' title='bbox 234 1083 357 1140; x_wconf 90' lang='lat' dir='ltr'><strong>debetis.</strong></span> <span class='ocrx_word' id='word_1_79' title='bbox 373 1083 535 1140; x_wconf 89' lang='lat' dir='ltr'><strong>Laborastis</strong></span> <span class='ocrx_word' id='word_1_80' title='bbox 549 1083 656 1157; x_wconf 84' lang='lat' dir='ltr'><strong>quippe</strong></span> <span class='ocrx_word' id='word_1_81' title='bbox 672 1085 705 1138; x_wconf 88' lang='lat' dir='ltr'><strong>nt</strong></span> <span class='ocrx_word' id='word_1_82' title='bbox 717 1083 911 1139; x_wconf 79' lang='lat' dir='ltr'><strong>liberaremur</strong></span> <span class='ocrx_word' id='word_1_83' title='bbox 960 1080 1107 1137; x_wconf 74' lang='lat' dir='ltr'><strong>minanda</strong></span> <span class='ocrx_word' id='word_1_84' title='bbox 1122 1097 1212 1155; x_wconf 87' lang='lat' dir='ltr'><strong>nsque</strong></span> <span class='ocrx_word' id='word_1_85' title='bbox 1226 1081 1263 1137; x_wconf 89' lang='lat' dir='ltr'><strong>ad</strong></span> <span class='ocrx_word' id='word_1_86' title='bbox 1276 1084 1377 1138; x_wconf 91' lang='lat' dir='ltr'><strong>mutua</strong></span> <span class='ocrx_word' id='word_1_87' title='bbox 1387 1084 1484 1143; x_wconf 80' lang='lat' dir='ltr'><strong>rerba.</strong></span> <span class='ocrx_word' id='word_1_88' title='bbox 1496 1086 1536 1142; x_wconf 88' lang='lat' dir='ltr'><strong>Ile</strong></span> <span class='ocrx_word' id='word_1_89' title='bbox 1548 1092 1643 1145; x_wconf 86' lang='lat' dir='ltr'><strong>castro</strong></span> <span class='ocrx_word' id='word_1_90' title='bbox 1657 1087 1761 1154; x_wconf 68' lang='lat' dir='ltr'><strong>Qud.</strong></span> 
     </span>
     <span class='ocr_line' id='line_1_9' title="bbox 97 1169 1764 1251; baseline 0.003 -22"><span class='ocrx_word' id='word_1_91' title='bbox 97 1175 134 1229; x_wconf 84' lang='lat' dir='ltr'><strong>ab</strong></span> <span class='ocrx_word' id='word_1_92' title='bbox 148 1175 247 1242; x_wconf 87' lang='lat' dir='ltr'><strong>hoste,</strong></span> <span class='ocrx_word' id='word_1_93' title='bbox 261 1173 313 1229; x_wconf 85' lang='lat' dir='ltr'><strong>sed</strong></span> <span class='ocrx_word' id='word_1_94' title='bbox 327 1173 487 1245; x_wconf 79' lang='lat' dir='ltr'><strong>contempti</strong></span> <span class='ocrx_word' id='word_1_95' title='bbox 502 1171 569 1229; x_wconf 87' lang='lat' dir='ltr'><strong>estis</strong></span> <span class='ocrx_word' id='word_1_96' title='bbox 582 1173 681 1240; x_wconf 87' lang='lat' dir='ltr'><strong>modo,</strong></span> <span class='ocrx_word' id='word_1_97' title='bbox 696 1171 764 1246; x_wconf 84' lang='lat' dir='ltr'><strong>qula</strong></span> <span class='ocrx_word' id='word_1_98' title='bbox 774 1171 911 1228; x_wconf 82' lang='lat' dir='ltr'><strong>liberarit</strong></span> <span class='ocrx_word' id='word_1_99' title='bbox 961 1169 1093 1238; x_wconf 83' lang='lat' dir='ltr'><strong>dicimus,</strong></span> <span class='ocrx_word' id='word_1_100' title='bbox 1105 1186 1159 1226; x_wconf 93' lang='lat' dir='ltr'><strong>uec</strong></span> <span class='ocrx_word' id='word_1_101' title='bbox 1173 1169 1326 1243; x_wconf 89' lang='lat' dir='ltr'><strong>patiemini</strong></span> <span class='ocrx_word' id='word_1_102' title='bbox 1349 1172 1470 1228; x_wconf 84' lang='lat' dir='ltr'><strong>tratrem</strong></span> <span class='ocrx_word' id='word_1_103' title='bbox 1486 1176 1612 1232; x_wconf 84' lang='lat' dir='ltr'><strong>restrum</strong></span> <span class='ocrx_word' id='word_1_104' title='bbox 1628 1176 1682 1232; x_wconf 93' lang='lat' dir='ltr'><strong>dici</strong></span> <span class='ocrx_word' id='word_1_105' title='bbox 1698 1193 1764 1251; x_wconf 91' lang='lat' dir='ltr'><strong>pro·</strong></span> 
     </span>
     <span class='ocr_line' id='line_1_10' title="bbox 97 1257 1759 1335; baseline 0.004 -17"><span class='ocrx_word' id='word_1_106' title='bbox 97 1279 152 1318; x_wconf 87' lang='lat' dir='ltr'><strong>nos</strong></span> <span class='ocrx_word' id='word_1_107' title='bbox 165 1262 312 1318; x_wconf 85' lang='lat' dir='ltr'><strong>Dominus</strong></span> <span class='ocrx_word' id='word_1_108' title='bbox 332 1261 369 1317; x_wconf 91' lang='lat' dir='ltr'><strong>de</strong></span> <span class='ocrx_word' id='word_1_109' title='bbox 388 1277 440 1317; x_wconf 91' lang='lat' dir='ltr'><strong>ore</strong></span> <span class='ocrx_word' id='word_1_110' title='bbox 463 1261 564 1317; x_wconf 90' lang='lat' dir='ltr'><strong>leonis.</strong></span> <span class='ocrx_word' id='word_1_111' title='bbox 582 1260 704 1318; x_wconf 81' lang='lat' dir='ltr'><strong>Solitum</strong></span> <span class='ocrx_word' id='word_1_112' title='bbox 720 1276 841 1334; x_wconf 91' lang='lat' dir='ltr'><strong>operam</strong></span> <span class='ocrx_word' id='word_1_113' title='bbox 854 1260 909 1316; x_wconf 89' lang='lat' dir='ltr'><strong>im·</strong></span> <span class='ocrx_word' id='word_1_114' title='bbox 960 1257 1098 1322; x_wconf 88' lang='lat' dir='ltr'><strong>ditorem,</strong></span> <span class='ocrx_word' id='word_1_115' title='bbox 1117 1276 1205 1332; x_wconf 86' lang='lat' dir='ltr'><strong>quem</strong></span> <span class='ocrx_word' id='word_1_116' title='bbox 1226 1260 1364 1316; x_wconf 84' lang='lat' dir='ltr'><strong>hactenus</strong></span> <span class='ocrx_word' id='word_1_117' title='bbox 1379 1261 1566 1335; x_wconf 86' lang='lat' dir='ltr'><strong>probavaus</strong></span> <span class='ocrx_word' id='word_1_118' title='bbox 1579 1263 1611 1320; x_wconf 92' lang='lat' dir='ltr'><strong>in</strong></span> <span class='ocrx_word' id='word_1_119' title='bbox 1626 1265 1683 1322; x_wconf 79' lang='lat' dir='ltr'><strong>side</strong></span> <span class='ocrx_word' id='word_1_120' title='bbox 1699 1283 1759 1324; x_wconf 92' lang='lat' dir='ltr'><strong>non</strong></span> 
     </span>
     <span class='ocr_line' id='line_1_11' title="bbox 96 1345 1761 1423; baseline 0.003 -17"><span class='ocrx_word' id='word_1_121' title='bbox 96 1350 234 1422; x_wconf 84' lang='lat' dir='ltr'><strong>pendite,</strong></span> <span class='ocrx_word' id='word_1_122' title='bbox 248 1354 282 1406; x_wconf 91' lang='lat' dir='ltr'><strong>nt</strong></span> <span class='ocrx_word' id='word_1_123' title='bbox 294 1350 419 1422; x_wconf 90' lang='lat' dir='ltr'><strong>imperio</strong></span> <span class='ocrx_word' id='word_1_124' title='bbox 432 1349 552 1406; x_wconf 90' lang='lat' dir='ltr'><strong>senioris</strong></span> <span class='ocrx_word' id='word_1_125' title='bbox 563 1366 598 1405; x_wconf 91' lang='lat' dir='ltr'><strong>ac</strong></span> <span class='ocrx_word' id='word_1_126' title='bbox 612 1347 738 1405; x_wconf 82' lang='lat' dir='ltr'><strong>dominae</strong></span> <span class='ocrx_word' id='word_1_127' title='bbox 751 1353 852 1405; x_wconf 77' lang='lat' dir='ltr'><strong>vestrae</strong></span> <span class='ocrx_word' id='word_1_128' title='bbox 862 1349 910 1405; x_wconf 95' lang='lat' dir='ltr'><strong>ille</strong></span> <span class='ocrx_word' id='word_1_129' title='bbox 956 1345 1027 1402; x_wconf 85' lang='lat' dir='ltr'><strong>licta</strong></span> <span class='ocrx_word' id='word_1_130' title='bbox 1041 1350 1276 1419; x_wconf 78' lang='lat' dir='ltr'><strong>permanentem.</strong></span> <span class='ocrx_word' id='word_1_131' title='bbox 1294 1348 1417 1417; x_wconf 82' lang='lat' dir='ltr'><strong>Interea,</strong></span> <span class='ocrx_word' id='word_1_132' title='bbox 1433 1350 1571 1423; x_wconf 80' lang='lat' dir='ltr'><strong>quoniam</strong></span> <span class='ocrx_word' id='word_1_133' title='bbox 1586 1368 1685 1409; x_wconf 89' lang='lat' dir='ltr'><strong>rerum</strong></span> <span class='ocrx_word' id='word_1_134' title='bbox 1694 1371 1761 1411; x_wconf 87' lang='lat' dir='ltr'><strong>nos·</strong></span> 
     </span>
     <span class='ocr_line' id='line_1_12' title="bbox 97 1436 1762 1515; baseline 0.003 -22"><span class='ocrx_word' id='word_1_135' title='bbox 97 1439 246 1495; x_wconf 75' lang='lat' dir='ltr'><strong>violentus</strong></span> <span class='ocrx_word' id='word_1_136' title='bbox 254 1437 355 1512; x_wconf 73' lang='lat' dir='ltr'><strong>predo</strong></span> <span class='ocrx_word' id='word_1_137' title='bbox 366 1439 470 1495; x_wconf 89' lang='lat' dir='ltr'><strong>saltem</strong></span> <span class='ocrx_word' id='word_1_138' title='bbox 484 1437 692 1512; x_wconf 89' lang='lat' dir='ltr'><strong>supellectilem</strong></span> <span class='ocrx_word' id='word_1_139' title='bbox 705 1440 835 1494; x_wconf 85' lang='lat' dir='ltr'><strong>nostram</strong></span> <span class='ocrx_word' id='word_1_140' title='bbox 847 1436 912 1492; x_wconf 91' lang='lat' dir='ltr'><strong>red·</strong></span> <span class='ocrx_word' id='word_1_141' title='bbox 960 1437 1083 1504; x_wconf 85' lang='lat' dir='ltr'><strong>irarum,</strong></span> <span class='ocrx_word' id='word_1_142' title='bbox 1098 1441 1131 1492; x_wconf 90' lang='lat' dir='ltr'><strong>nt</strong></span> <span class='ocrx_word' id='word_1_143' title='bbox 1154 1436 1242 1505; x_wconf 88' lang='lat' dir='ltr'><strong>scitis,</strong></span> <span class='ocrx_word' id='word_1_144' title='bbox 1259 1441 1430 1510; x_wconf 84' lang='lat' dir='ltr'><strong>procurator</strong></span> <span class='ocrx_word' id='word_1_145' title='bbox 1443 1455 1497 1496; x_wconf 91' lang='lat' dir='ltr'><strong>nec</strong></span> <span class='ocrx_word' id='word_1_146' title='bbox 1511 1440 1608 1509; x_wconf 91' lang='lat' dir='ltr'><strong>rediit,</strong></span> <span class='ocrx_word' id='word_1_147' title='bbox 1624 1457 1678 1498; x_wconf 90' lang='lat' dir='ltr'><strong>nec</strong></span> <span class='ocrx_word' id='word_1_148' title='bbox 1692 1443 1762 1515; x_wconf 84' lang='lat' dir='ltr'><strong>quid</strong></span> 
     </span>
     <span class='ocr_line' id='line_1_13' title="bbox 99 1523 1763 1600; baseline 0.002 -17"><span class='ocrx_word' id='word_1_149' title='bbox 99 1527 170 1583; x_wconf 87' lang='lat' dir='ltr'><strong>dere</strong></span> <span class='ocrx_word' id='word_1_150' title='bbox 185 1530 321 1600; x_wconf 76' lang='lat' dir='ltr'><strong>cogatur.</strong></span> <span class='ocrx_word' id='word_1_151' title='bbox 335 1528 398 1583; x_wconf 90' lang='lat' dir='ltr'><strong>Non</strong></span> <span class='ocrx_word' id='word_1_152' title='bbox 410 1541 514 1584; x_wconf 88' lang='lat' dir='ltr'><strong>aurum</strong></span> <span class='ocrx_word' id='word_1_153' title='bbox 529 1525 696 1600; x_wconf 74' lang='lat' dir='ltr'><strong>quaerimus,</strong></span> <span class='ocrx_word' id='word_1_154' title='bbox 724 1542 778 1582; x_wconf 90' lang='lat' dir='ltr'><strong>nec</strong></span> <span class='ocrx_word' id='word_1_155' title='bbox 802 1542 911 1582; x_wconf 88' lang='lat' dir='ltr'><strong>massas</strong></span> <span class='ocrx_word' id='word_1_156' title='bbox 961 1523 988 1580; x_wconf 87' lang='lat' dir='ltr'><strong>ei</strong></span> <span class='ocrx_word' id='word_1_157' title='bbox 1003 1523 1335 1595; x_wconf 88' lang='lat' dir='ltr'><strong>obveneritaudivimus,</strong></span> <span class='ocrx_word' id='word_1_158' title='bbox 1356 1543 1394 1583; x_wconf 89' lang='lat' dir='ltr'><strong>ue</strong></span> <span class='ocrx_word' id='word_1_159' title='bbox 1407 1544 1497 1584; x_wconf 85' lang='lat' dir='ltr'><strong>vacua</strong></span> <span class='ocrx_word' id='word_1_160' title='bbox 1511 1544 1602 1584; x_wconf 87' lang='lat' dir='ltr'><strong>manu</strong></span> <span class='ocrx_word' id='word_1_161' title='bbox 1625 1529 1763 1587; x_wconf 84' lang='lat' dir='ltr'><strong>redeatis.</strong></span> 
     </span>
     <span class='ocr_line' id='line_1_14' title="bbox 101 1613 1763 1689; baseline 0.002 -17"><span class='ocrx_word' id='word_1_162' title='bbox 101 1615 289 1688; x_wconf 71' lang='lat' dir='ltr'><strong>argenti,sad</strong></span> <span class='ocrx_word' id='word_1_163' title='bbox 301 1615 403 1689; x_wconf 83' lang='lat' dir='ltr'><strong>quibus</strong></span> <span class='ocrx_word' id='word_1_164' title='bbox 417 1631 516 1672; x_wconf 86' lang='lat' dir='ltr'><strong>carere</strong></span> <span class='ocrx_word' id='word_1_165' title='bbox 529 1615 654 1672; x_wconf 89' lang='lat' dir='ltr'><strong>dedecus</strong></span> <span class='ocrx_word' id='word_1_166' title='bbox 662 1617 716 1672; x_wconf 89' lang='lat' dir='ltr'><strong>est.</strong></span> <span class='ocrx_word' id='word_1_167' title='bbox 728 1615 911 1672; x_wconf 83' lang='lat' dir='ltr'><strong>Dicimusau-</strong></span> <span class='ocrx_word' id='word_1_168' title='bbox 960 1613 1015 1670; x_wconf 85' lang='lat' dir='ltr'><strong>iliu</strong></span> <span class='ocrx_word' id='word_1_169' title='bbox 1024 1617 1218 1688; x_wconf 84' lang='lat' dir='ltr'><strong>exspectatam</strong></span> <span class='ocrx_word' id='word_1_170' title='bbox 1224 1615 1378 1688; x_wconf 89' lang='lat' dir='ltr'><strong>pecuniam</strong></span> <span class='ocrx_word' id='word_1_171' title='bbox 1390 1615 1420 1671; x_wconf 92' lang='lat' dir='ltr'><strong>iu</strong></span> <span class='ocrx_word' id='word_1_172' title='bbox 1429 1615 1633 1674; x_wconf 83' lang='lat' dir='ltr'><strong>loculisvestris</strong></span> <span class='ocrx_word' id='word_1_173' title='bbox 1645 1617 1763 1688; x_wconf 74' lang='lat' dir='ltr'><strong>referte,</strong></span> 
     </span>
     <span class='ocr_line' id='line_1_15' title="bbox 102 1701 1765 1778; baseline 0.001 -16"><span class='ocrx_word' id='word_1_174' title='bbox 102 1708 164 1762; x_wconf 88' lang='lat' dir='ltr'><strong>tem</strong></span> <span class='ocrx_word' id='word_1_175' title='bbox 179 1706 287 1772; x_wconf 78' lang='lat' dir='ltr'><strong>aulaea,</strong></span> <span class='ocrx_word' id='word_1_176' title='bbox 297 1703 494 1776; x_wconf 88' lang='lat' dir='ltr'><strong>tapetia,etiis</strong></span> <span class='ocrx_word' id='word_1_177' title='bbox 503 1704 620 1773; x_wconf 89' lang='lat' dir='ltr'><strong>similia,</strong></span> <span class='ocrx_word' id='word_1_178' title='bbox 631 1703 775 1778; x_wconf 84' lang='lat' dir='ltr'><strong>simulque</strong></span> <span class='ocrx_word' id='word_1_179' title='bbox 785 1704 910 1776; x_wconf 86' lang='lat' dir='ltr'><strong>petimus</strong></span> <span class='ocrx_word' id='word_1_180' title='bbox 960 1701 1127 1758; x_wconf 74' lang='lat' dir='ltr'><strong>mercedem</strong></span> <span class='ocrx_word' id='word_1_181' title='bbox 1143 1718 1176 1758; x_wconf 86' lang='lat' dir='ltr'><strong>nc</strong></span> <span class='ocrx_word' id='word_1_182' title='bbox 1188 1701 1312 1775; x_wconf 75' lang='lat' dir='ltr'><strong>gratiam</strong></span> <span class='ocrx_word' id='word_1_183' title='bbox 1321 1703 1359 1760; x_wconf 92' lang='lat' dir='ltr'><strong>ob</strong></span> <span class='ocrx_word' id='word_1_184' title='bbox 1372 1703 1477 1760; x_wconf 84' lang='lat' dir='ltr'><strong>merito</strong></span> <span class='ocrx_word' id='word_1_185' title='bbox 1491 1705 1632 1762; x_wconf 83' lang='lat' dir='ltr'><strong>beneficia</strong></span> <span class='ocrx_word' id='word_1_186' title='bbox 1646 1707 1765 1764; x_wconf 88' lang='lat' dir='ltr'><strong>relaturi</strong></span> 
     </span>
     <span class='ocr_line' id='line_1_16' title="bbox 103 1789 1709 1866; baseline 0.002 -17"><span class='ocrx_word' id='word_1_187' title='bbox 103 1798 238 1850; x_wconf 87' lang='lat' dir='ltr'><strong>nostram</strong></span> <span class='ocrx_word' id='word_1_188' title='bbox 252 1793 343 1850; x_wconf 89' lang='lat' dir='ltr'><strong>iidem</strong></span> <span class='ocrx_word' id='word_1_189' title='bbox 357 1809 417 1849; x_wconf 91' lang='lat' dir='ltr'><strong>oon</strong></span> <span class='ocrx_word' id='word_1_190' title='bbox 432 1809 467 1848; x_wconf 85' lang='lat' dir='ltr'><strong>ex</strong></span> <span class='ocrx_word' id='word_1_191' title='bbox 478 1793 539 1866; x_wconf 82' lang='lat' dir='ltr'><strong>ejus</strong></span> <span class='ocrx_word' id='word_1_192' title='bbox 549 1792 607 1849; x_wconf 87' lang='lat' dir='ltr'><strong>ilde</strong></span> <span class='ocrx_word' id='word_1_193' title='bbox 621 1791 763 1866; x_wconf 87' lang='lat' dir='ltr'><strong>perpendi</strong></span> <span class='ocrx_word' id='word_1_194' title='bbox 777 1791 826 1865; x_wconf 84' lang='lat' dir='ltr'><strong>qui</strong></span> <span class='ocrx_word' id='word_1_195' title='bbox 838 1790 910 1848; x_wconf 90' lang='lat' dir='ltr'><strong>nibil</strong></span> <span class='ocrx_word' id='word_1_196' title='bbox 960 1808 1027 1848; x_wconf 89' lang='lat' dir='ltr'><strong>cum</strong></span> <span class='ocrx_word' id='word_1_197' title='bbox 1042 1808 1076 1847; x_wconf 85' lang='lat' dir='ltr'><strong>ex</strong></span> <span class='ocrx_word' id='word_1_198' title='bbox 1089 1789 1156 1860; x_wconf 89' lang='lat' dir='ltr'><strong>hcc,</strong></span> <span class='ocrx_word' id='word_1_199' title='bbox 1172 1795 1236 1846; x_wconf 91' lang='lat' dir='ltr'><strong>tum</strong></span> <span class='ocrx_word' id='word_1_200' title='bbox 1249 1808 1283 1847; x_wconf 85' lang='lat' dir='ltr'><strong>ex</strong></span> <span class='ocrx_word' id='word_1_201' title='bbox 1297 1791 1361 1847; x_wconf 89' lang='lat' dir='ltr'><strong>aliis</strong></span> <span class='ocrx_word' id='word_1_202' title='bbox 1373 1808 1574 1865; x_wconf 73' lang='lat' dir='ltr'><strong>sepenumero</strong></span> <span class='ocrx_word' id='word_1_203' title='bbox 1589 1795 1709 1852; x_wconf 86' lang='lat' dir='ltr'><strong>collatis.</strong></span> 
     </span>
     <span class='ocr_line' id='line_1_17' title="bbox 105 1871 1513 1956; baseline 0 -18"><span class='ocrx_word' id='word_1_204' title='bbox 105 1897 236 1956; x_wconf 76' lang='lat' dir='ltr'><strong>usqum</strong></span> <span class='ocrx_word' id='word_1_205' title='bbox 251 1881 410 1956; x_wconf 88' lang='lat' dir='ltr'><strong>spopondit</strong></span> <span class='ocrx_word' id='word_1_206' title='bbox 418 1880 498 1954; x_wconf 90' lang='lat' dir='ltr'><strong>qnod</strong></span> <span class='ocrx_word' id='word_1_207' title='bbox 511 1884 608 1937; x_wconf 85' lang='lat' dir='ltr'><strong>ratum</strong></span> <span class='ocrx_word' id='word_1_208' title='bbox 622 1881 686 1938; x_wconf 88' lang='lat' dir='ltr'><strong>loro</strong></span> <span class='ocrx_word' id='word_1_209' title='bbox 705 1879 873 1937; x_wconf 82' lang='lat' dir='ltr'><strong>decreverit.</strong></span> <span class='ocrx_word' id='word_1_210' title='bbox 923 1871 950 1932; x_wconf 91' lang='lat' dir='ltr'><strong>B</strong></span> <span class='ocrx_word' id='word_1_211' title='bbox 1198 1879 1367 1937; x_wconf 80' lang='lat' dir='ltr'>EPISTOLX</span> <span class='ocrx_word' id='word_1_212' title='bbox 1380 1881 1513 1938; x_wconf 77' lang='lat' dir='ltr'>CXLVIII.</span> 
     </span>
     <span class='ocr_line' id='line_1_18' title="bbox 357 1969 1678 2032; baseline 0.003 -6"><span class='ocrx_word' id='word_1_213' title='bbox 357 1969 524 2027; x_wconf 73' lang='lat' dir='ltr'>EPISTULA</span> <span class='ocrx_word' id='word_1_214' title='bbox 550 1970 659 2027; x_wconf 90' lang='lat' dir='ltr'>CXLIV.</span> <span class='ocrx_word' id='word_1_215' title='bbox 1042 1985 1080 2024; x_wconf 74' lang='lat' dir='ltr'><strong>un</strong></span> <span class='ocrx_word' id='word_1_216' title='bbox 1097 1983 1247 2026; x_wconf 73' lang='lat' dir='ltr'><strong>aruimus</strong></span> <span class='ocrx_word' id='word_1_217' title='bbox 1273 1983 1438 2028; x_wconf 80' lang='lat' dir='ltr'><strong>ucuucnnrr</strong></span> <span class='ocrx_word' id='word_1_218' title='bbox 1459 1987 1678 2032; x_wconf 78' lang='lat' dir='ltr'><strong>raavraausmi.</strong></span> 
     </span>
     <span class='ocr_line' id='line_1_19' title="bbox 137 2055 1763 2134; baseline 0 -16"><span class='ocrx_word' id='word_1_219' title='bbox 137 2061 218 2118; x_wconf 86' lang='lat' dir='ltr'><strong>Sient</strong></span> <span class='ocrx_word' id='word_1_220' title='bbox 233 2059 357 2134; x_wconf 85' lang='lat' dir='ltr'><strong>epistole</strong></span> <span class='ocrx_word' id='word_1_221' title='bbox 370 2059 442 2133; x_wconf 75' lang='lat' dir='ltr'><strong>regii</strong></span> <span class='ocrx_word' id='word_1_222' title='bbox 457 2059 594 2130; x_wconf 88' lang='lat' dir='ltr'><strong>nominis,</strong></span> <span class='ocrx_word' id='word_1_223' title='bbox 618 2077 707 2134; x_wconf 89' lang='lat' dir='ltr'><strong>qnam</strong></span> <span class='ocrx_word' id='word_1_224' title='bbox 730 2060 813 2118; x_wconf 84' lang='lat' dir='ltr'><strong>robis</strong></span> <span class='ocrx_word' id='word_1_225' title='bbox 833 2059 911 2116; x_wconf 89' lang='lat' dir='ltr'><strong>misi·</strong></span> <span class='ocrx_word' id='word_1_226' title='bbox 995 2057 1156 2114; x_wconf 82' lang='lat' dir='ltr'><strong>Graamrus</strong></span> <span class='ocrx_word' id='word_1_227' title='bbox 1165 2055 1304 2114; x_wconf 86' lang='lat' dir='ltr'><strong>scholaris</strong></span> <span class='ocrx_word' id='word_1_228' title='bbox 1314 2058 1403 2116; x_wconf 90' lang='lat' dir='ltr'><strong>abbas</strong></span> <span class='ocrx_word' id='word_1_229' title='bbox 1413 2059 1531 2116; x_wconf 82' lang='lat' dir='ltr'><strong>Rruioro</strong></span> <span class='ocrx_word' id='word_1_230' title='bbox 1543 2063 1688 2121; x_wconf 88' lang='lat' dir='ltr'><strong>monacho</strong></span> <span class='ocrx_word' id='word_1_231' title='bbox 1697 2059 1763 2118; x_wconf 83' lang='lat' dir='ltr'><strong>&#39;ire-</strong></span> 
     </span>
     <span class='ocr_line' id='line_1_20' title="bbox 103 2145 1681 2221; baseline -0.004 -15"><span class='ocrx_word' id='word_1_232' title='bbox 103 2167 178 2218; x_wconf 83' lang='lat' dir='ltr'><strong>mos,</strong></span> <span class='ocrx_word' id='word_1_233' title='bbox 191 2149 338 2216; x_wconf 87' lang='lat' dir='ltr'><strong>continet,</strong></span> <span class='ocrx_word' id='word_1_234' title='bbox 358 2163 521 2217; x_wconf 87' lang='lat' dir='ltr'><strong>monemus,</strong></span> <span class='ocrx_word' id='word_1_235' title='bbox 537 2163 686 2221; x_wconf 75' lang='lat' dir='ltr'><strong>rogamus,</strong></span> <span class='ocrx_word' id='word_1_236' title='bbox 709 2149 908 2216; x_wconf 86' lang='lat' dir='ltr'><strong>obsecramus,</strong></span> <span class='ocrx_word' id='word_1_237' title='bbox 959 2145 1074 2202; x_wconf 83' lang='lat' dir='ltr'><strong>rireusi.</strong></span> <span class='ocrx_word' id='word_1_238' title='bbox 1674 2189 1681 2208; x_wconf 87' lang='grc'><strong><em>,</em></strong></span> 
     </span>
     <span class='ocr_line' id='line_1_21' title="bbox 103 2235 1763 2313; baseline 0.002 -19"><span class='ocrx_word' id='word_1_239' title='bbox 103 2236 267 2310; x_wconf 80' lang='lat' dir='ltr'><strong>atexseqni</strong></span> <span class='ocrx_word' id='word_1_240' title='bbox 289 2237 403 2306; x_wconf 85' lang='lat' dir='ltr'><strong>curetis,</strong></span> <span class='ocrx_word' id='word_1_241' title='bbox 431 2253 498 2294; x_wconf 92' lang='lat' dir='ltr'><strong>cum</strong></span> <span class='ocrx_word' id='word_1_242' title='bbox 523 2253 576 2310; x_wconf 89' lang='lat' dir='ltr'><strong>pro</strong></span> <span class='ocrx_word' id='word_1_243' title='bbox 595 2241 690 2294; x_wconf 83' lang='lat' dir='ltr'><strong>restra</strong></span> <span class='ocrx_word' id='word_1_244' title='bbox 708 2237 910 2294; x_wconf 82' lang='lat' dir='ltr'><strong>benevolentia</strong></span> <span class='ocrx_word' id='word_1_245' title='bbox 996 2235 1369 2308; x_wconf 76' lang='lat' dir='ltr'><strong>Praegraratailectustuus,</strong></span> <span class='ocrx_word' id='word_1_246' title='bbox 1380 2237 1578 2295; x_wconf 88' lang='lat' dir='ltr'><strong>amantissime</strong></span> <span class='ocrx_word' id='word_1_247' title='bbox 1587 2239 1763 2313; x_wconf 87' lang='lat' dir='ltr'><strong>trater,opus</strong></span> 
     </span>
     <span class='ocr_line' id='line_1_22' title="bbox 101 2323 1763 2400; baseline -0.001 -15"><span class='ocrx_word' id='word_1_248' title='bbox 101 2327 176 2385; x_wconf 80' lang='lat' dir='ltr'><strong>circa</strong></span> <span class='ocrx_word' id='word_1_249' title='bbox 190 2343 258 2396; x_wconf 88' lang='lat' dir='ltr'><strong>nos,</strong></span> <span class='ocrx_word' id='word_1_250' title='bbox 274 2329 339 2382; x_wconf 90' lang='lat' dir='ltr'><strong>tum</strong></span> <span class='ocrx_word' id='word_1_251' title='bbox 365 2329 485 2400; x_wconf 90' lang='lat' dir='ltr'><strong>propter</strong></span> <span class='ocrx_word' id='word_1_252' title='bbox 509 2342 611 2400; x_wconf 88' lang='lat' dir='ltr'><strong>pacem</strong></span> <span class='ocrx_word' id='word_1_253' title='bbox 634 2323 765 2384; x_wconf 73' lang='lat' dir='ltr'><strong>Ecclesia</strong></span> <span class='ocrx_word' id='word_1_254' title='bbox 793 2325 909 2384; x_wconf 77' lang='lat' dir='ltr'><strong>homiui</strong></span> <span class='ocrx_word' id='word_1_255' title='bbox 958 2323 1140 2393; x_wconf 80' lang='lat' dir='ltr'><strong>Achilleidos,</strong></span> <span class='ocrx_word' id='word_1_256' title='bbox 1154 2326 1233 2398; x_wconf 90' lang='lat' dir='ltr'><strong>quod</strong></span> <span class='ocrx_word' id='word_1_257' title='bbox 1244 2325 1320 2382; x_wconf 88' lang='lat' dir='ltr'><strong>bene</strong></span> <span class='ocrx_word' id='word_1_258' title='bbox 1329 2324 1448 2399; x_wconf 85' lang='lat' dir='ltr'><strong>quidem</strong></span> <span class='ocrx_word' id='word_1_259' title='bbox 1462 2326 1673 2400; x_wconf 87' lang='lat' dir='ltr'><strong>lncoepisti,sed</strong></span> <span class='ocrx_word' id='word_1_260' title='bbox 1682 2327 1763 2385; x_wconf 86' lang='lat' dir='ltr'><strong>dele·</strong></span> 
     </span>
     <span class='ocr_line' id='line_1_23' title="bbox 99 2411 1762 2491; baseline 0.002 -20"><span class='ocrx_word' id='word_1_261' title='bbox 99 2433 172 2491; x_wconf 81' lang='lat' dir='ltr'><strong>paea</strong></span> <span class='ocrx_word' id='word_1_262' title='bbox 186 2415 356 2488; x_wconf 86' lang='lat' dir='ltr'><strong>principum</strong></span> <span class='ocrx_word' id='word_1_263' title='bbox 368 2416 585 2488; x_wconf 86' lang='lat' dir='ltr'><strong>proventuram,</strong></span> <span class='ocrx_word' id='word_1_264' title='bbox 602 2413 658 2470; x_wconf 89' lang='lat' dir='ltr'><strong>nisi</strong></span> <span class='ocrx_word' id='word_1_265' title='bbox 671 2415 747 2471; x_wconf 72' lang='lat' dir='ltr'><strong>tome</strong></span> <span class='ocrx_word' id='word_1_266' title='bbox 762 2414 908 2470; x_wconf 89' lang='lat' dir='ltr'><strong>desidera-</strong></span> <span class='ocrx_word' id='word_1_267' title='bbox 959 2411 1021 2469; x_wconf 90' lang='lat' dir='ltr'><strong>cisti</strong></span> <span class='ocrx_word' id='word_1_268' title='bbox 1036 2413 1106 2470; x_wconf 90' lang='lat' dir='ltr'><strong>dum</strong></span> <span class='ocrx_word' id='word_1_269' title='bbox 1120 2414 1269 2488; x_wconf 80' lang='lat' dir='ltr'><strong>exemplar</strong></span> <span class='ocrx_word' id='word_1_270' title='bbox 1281 2413 1396 2470; x_wconf 84' lang='lat' dir='ltr'><strong>deiecit.</strong></span> <span class='ocrx_word' id='word_1_271' title='bbox 1407 2416 1506 2489; x_wconf 87' lang='lat' dir='ltr'><strong>ltaque</strong></span> <span class='ocrx_word' id='word_1_272' title='bbox 1520 2419 1551 2472; x_wconf 90' lang='lat' dir='ltr'><strong>et</strong></span> <span class='ocrx_word' id='word_1_273' title='bbox 1562 2432 1617 2473; x_wconf 91' lang='lat' dir='ltr'><strong>nos</strong></span> <span class='ocrx_word' id='word_1_274' title='bbox 1627 2416 1762 2475; x_wconf 82' lang='lat' dir='ltr'><strong>beneficii</strong></span> 
     </span>
     <span class='ocr_line' id='line_1_24' title="bbox 100 2501 1763 2581; baseline 0.002 -20"><span class='ocrx_word' id='word_1_275' title='bbox 100 2507 152 2562; x_wconf 88' lang='lat' dir='ltr'><strong>bili</strong></span> <span class='ocrx_word' id='word_1_276' title='bbox 166 2503 720 2579; x_wconf 80' lang='lat' dir='ltr'><strong>praescntiarestralrustramur,apud</strong></span> <span class='ocrx_word' id='word_1_277' title='bbox 738 2503 812 2562; x_wconf 86' lang='lat' dir='ltr'><strong>lidos</strong></span> <span class='ocrx_word' id='word_1_278' title='bbox 826 2502 909 2560; x_wconf 89' lang='lat' dir='ltr'><strong>inlidi</strong></span> <span class='ocrx_word' id='word_1_279' title='bbox 960 2519 1019 2559; x_wconf 91' lang='lat' dir='ltr'><strong>nou</strong></span> <span class='ocrx_word' id='word_1_280' title='bbox 1043 2501 1244 2572; x_wconf 85' lang='lat' dir='ltr'><strong>immemores,</strong></span> <span class='ocrx_word' id='word_1_281' title='bbox 1274 2503 1435 2560; x_wconf 88' lang='lat' dir='ltr'><strong>dilllcillimi</strong></span> <span class='ocrx_word' id='word_1_282' title='bbox 1468 2505 1564 2580; x_wconf 87' lang='lat' dir='ltr'><strong>operis</strong></span> <span class='ocrx_word' id='word_1_283' title='bbox 1590 2506 1763 2581; x_wconf 69' lang='lat' dir='ltr'><strong>incepimus</strong></span> 
     </span>
     <span class='ocr_line' id='line_1_25' title="bbox 99 2592 1762 2668; baseline 0.001 -17"><span class='ocrx_word' id='word_1_284' title='bbox 99 2611 135 2652; x_wconf 86' lang='lat' dir='ltr'><strong>ac</strong></span> <span class='ocrx_word' id='word_1_285' title='bbox 146 2593 278 2667; x_wconf 77' lang='lat' dir='ltr'><strong>suspecti</strong></span> <span class='ocrx_word' id='word_1_286' title='bbox 292 2593 445 2649; x_wconf 85' lang='lat' dir='ltr'><strong>habemur.</strong></span> <span class='ocrx_word' id='word_1_287' title='bbox 959 2592 1114 2665; x_wconf 80' lang='lat' dir='ltr'><strong>sphaeram,</strong></span> <span class='ocrx_word' id='word_1_288' title='bbox 1128 2608 1192 2666; x_wconf 81' lang='lat' dir='ltr'><strong>quae</strong></span> <span class='ocrx_word' id='word_1_289' title='bbox 1207 2595 1237 2648; x_wconf 89' lang='lat' dir='ltr'><strong>et</strong></span> <span class='ocrx_word' id='word_1_290' title='bbox 1250 2595 1336 2648; x_wconf 88' lang='lat' dir='ltr'><strong>torno</strong></span> <span class='ocrx_word' id='word_1_291' title='bbox 1347 2593 1412 2665; x_wconf 87' lang='lat' dir='ltr'><strong>jam</strong></span> <span class='ocrx_word' id='word_1_292' title='bbox 1428 2593 1465 2649; x_wconf 90' lang='lat' dir='ltr'><strong>sit</strong></span> <span class='ocrx_word' id='word_1_293' title='bbox 1476 2594 1610 2668; x_wconf 84' lang='lat' dir='ltr'><strong>expolita,</strong></span> <span class='ocrx_word' id='word_1_294' title='bbox 1626 2599 1656 2651; x_wconf 91' lang='lat' dir='ltr'><strong>et</strong></span> <span class='ocrx_word' id='word_1_295' title='bbox 1669 2595 1762 2653; x_wconf 84' lang='lat' dir='ltr'><strong>artili-</strong></span> 
     </span>
     <span class='ocr_line' id='line_1_26' title="bbox 365 2679 1762 2754; baseline 0.003 -16"><span class='ocrx_word' id='word_1_296' title='bbox 365 2682 534 2739; x_wconf 81' lang='lat' dir='ltr'>EPISTOLA</span> <span class='ocrx_word' id='word_1_297' title='bbox 552 2683 648 2740; x_wconf 82' lang='lat' dir='ltr'>CXLV.</span> <span class='ocrx_word' id='word_1_298' title='bbox 959 2679 1035 2736; x_wconf 83' lang='lat' dir='ltr'><strong>cinae</strong></span> <span class='ocrx_word' id='word_1_299' title='bbox 1045 2680 1153 2754; x_wconf 87' lang='lat' dir='ltr'><strong>equino</strong></span> <span class='ocrx_word' id='word_1_300' title='bbox 1162 2681 1242 2738; x_wconf 89' lang='lat' dir='ltr'><strong>corio</strong></span> <span class='ocrx_word' id='word_1_301' title='bbox 1256 2681 1401 2738; x_wconf 81' lang='lat' dir='ltr'><strong>obvoluta.</strong></span> <span class='ocrx_word' id='word_1_302' title='bbox 1414 2682 1471 2738; x_wconf 87' lang='lat' dir='ltr'><strong>Sed</strong></span> <span class='ocrx_word' id='word_1_303' title='bbox 1486 2683 1509 2739; x_wconf 88' lang='lat' dir='ltr'><strong>si</strong></span> <span class='ocrx_word' id='word_1_304' title='bbox 1522 2683 1614 2740; x_wconf 92' lang='lat' dir='ltr'><strong>nimia</strong></span> <span class='ocrx_word' id='word_1_305' title='bbox 1627 2701 1696 2742; x_wconf 83' lang='lat' dir='ltr'><strong>cure</strong></span> <span class='ocrx_word' id='word_1_306' title='bbox 1718 2685 1762 2742; x_wconf 88' lang='lat' dir='ltr'><strong>la·</strong></span> 
     </span>
     <span class='ocr_line' id='line_1_27' title="bbox 252 2766 1765 2844; baseline 0.002 -16"><span class='ocrx_word' id='word_1_307' title='bbox 252 2787 416 2829; x_wconf 70' lang='lat' dir='ltr'><strong>canistrum</strong></span> <span class='ocrx_word' id='word_1_308' title='bbox 428 2787 566 2829; x_wconf 80' lang='lat' dir='ltr'><strong>ariscoro</strong></span> <span class='ocrx_word' id='word_1_309' title='bbox 580 2787 763 2830; x_wconf 79' lang='lat' dir='ltr'><strong>onaenarus.</strong></span> <span class='ocrx_word' id='word_1_310' title='bbox 959 2766 1060 2840; x_wconf 75' lang='lat' dir='ltr'><strong>ligaris</strong></span> <span class='ocrx_word' id='word_1_311' title='bbox 1073 2769 1200 2826; x_wconf 88' lang='lat' dir='ltr'><strong>habendi</strong></span> <span class='ocrx_word' id='word_1_312' title='bbox 1215 2770 1338 2844; x_wconf 86' lang='lat' dir='ltr'><strong>slmplici</strong></span> <span class='ocrx_word' id='word_1_313' title='bbox 1361 2770 1427 2826; x_wconf 90' lang='lat' dir='ltr'><strong>Iuoo</strong></span> <span class='ocrx_word' id='word_1_314' title='bbox 1450 2769 1673 2844; x_wconf 65' lang='lat' dir='ltr'><strong>internuncium,</strong></span> <span class='ocrx_word' id='word_1_315' title='bbox 1688 2773 1765 2832; x_wconf 83' lang='lat' dir='ltr'><strong>circa</strong></span> 
     </span>
     <span class='ocr_line' id='line_1_28' title="bbox 138 2858 1764 2935; baseline 0.001 -16"><span class='ocrx_word' id='word_1_316' title='bbox 138 2863 199 2920; x_wconf 81' lang='lat' dir='ltr'><strong>Etsi</strong></span> <span class='ocrx_word' id='word_1_317' title='bbox 215 2861 449 2920; x_wconf 81' lang='lat' dir='ltr'><strong>omnisliccleaia</strong></span> <span class='ocrx_word' id='word_1_318' title='bbox 466 2861 606 2918; x_wconf 78' lang='lat' dir='ltr'><strong>catholice</strong></span> <span class='ocrx_word' id='word_1_319' title='bbox 619 2879 678 2918; x_wconf 89' lang='lat' dir='ltr'><strong>una</strong></span> <span class='ocrx_word' id='word_1_320' title='bbox 696 2864 784 2935; x_wconf 87' lang='lat' dir='ltr'><strong>atque</strong></span> <span class='ocrx_word' id='word_1_321' title='bbox 807 2859 910 2918; x_wconf 89' lang='lat' dir='ltr'><strong>eadem</strong></span> <span class='ocrx_word' id='word_1_322' title='bbox 960 2858 1074 2914; x_wconf 78' lang='lat' dir='ltr'><strong>liertiae</strong></span> <span class='ocrx_word' id='word_1_323' title='bbox 1089 2860 1151 2927; x_wconf 87' lang='lat' dir='ltr'><strong>Xal,</strong></span> <span class='ocrx_word' id='word_1_324' title='bbox 1163 2875 1227 2914; x_wconf 89' lang='lat' dir='ltr'><strong>eam</strong></span> <span class='ocrx_word' id='word_1_325' title='bbox 1240 2862 1383 2934; x_wconf 85' lang='lat' dir='ltr'><strong>exspecta,</strong></span> <span class='ocrx_word' id='word_1_326' title='bbox 1393 2859 1446 2915; x_wconf 91' lang='lat' dir='ltr'><strong>nisi</strong></span> <span class='ocrx_word' id='word_1_327' title='bbox 1457 2860 1605 2918; x_wconf 90' lang='lat' dir='ltr'><strong>Iortecom</strong></span> <span class='ocrx_word' id='word_1_328' title='bbox 1615 2862 1764 2920; x_wconf 76' lang='lat' dir='ltr'><strong>horizonte</strong></span> 
     </span>
     <span class='ocr_line' id='line_1_29' title="bbox 101 2946 1764 3025; baseline 0.002 -19"><span class='ocrx_word' id='word_1_329' title='bbox 101 2950 286 3025; x_wconf 72' lang='lat' dir='ltr'><strong>cst,singulis</strong></span> <span class='ocrx_word' id='word_1_330' title='bbox 294 2950 910 3022; x_wconf 76' lang='lat' dir='ltr'><strong>tamensacerdotibosmodnsqoidamprae-</strong></span> <span class='ocrx_word' id='word_1_331' title='bbox 962 2961 996 3001; x_wconf 89' lang='lat' dir='ltr'><strong>ac</strong></span> <span class='ocrx_word' id='word_1_332' title='bbox 1010 2946 1189 3003; x_wconf 74' lang='lat' dir='ltr'><strong>disersorum</strong></span> <span class='ocrx_word' id='word_1_333' title='bbox 1204 2948 1335 3002; x_wconf 89' lang='lat' dir='ltr'><strong>colorum</strong></span> <span class='ocrx_word' id='word_1_334' title='bbox 1358 2947 1572 3020; x_wconf 87' lang='lat' dir='ltr'><strong>pulchritudine</strong></span> <span class='ocrx_word' id='word_1_335' title='bbox 1593 2951 1764 3024; x_wconf 78' lang='lat' dir='ltr'><strong>insIgnitum</strong></span> 
     </span>
     <span class='ocr_line' id='line_1_30' title="bbox 101 3035 1766 3114; baseline -0.001 -17"><span class='ocrx_word' id='word_1_336' title='bbox 101 3043 230 3114; x_wconf 85' lang='lat' dir='ltr'><strong>scriptus</strong></span> <span class='ocrx_word' id='word_1_337' title='bbox 237 3043 293 3109; x_wconf 77' lang='lat' dir='ltr'><strong>est,</strong></span> <span class='ocrx_word' id='word_1_338' title='bbox 303 3057 397 3113; x_wconf 88' lang='lat' dir='ltr'><strong>quose</strong></span> <span class='ocrx_word' id='word_1_339' title='bbox 407 3038 912 3109; x_wconf 87' lang='lat' dir='ltr'><strong>extendere,ubiterminosdebeant</strong></span> <span class='ocrx_word' id='word_1_340' title='bbox 962 3035 1144 3108; x_wconf 76' lang='lat' dir='ltr'><strong>prestolaris,</strong></span> <span class='ocrx_word' id='word_1_341' title='bbox 1161 3050 1291 3092; x_wconf 90' lang='lat' dir='ltr'><strong>aunuum</strong></span> <span class='ocrx_word' id='word_1_342' title='bbox 1306 3035 1509 3109; x_wconf 80' lang='lat' dir='ltr'><strong>perhorrescas</strong></span> <span class='ocrx_word' id='word_1_343' title='bbox 1522 3039 1664 3095; x_wconf 84' lang='lat' dir='ltr'><strong>laborem.</strong></span> <span class='ocrx_word' id='word_1_344' title='bbox 1674 3039 1766 3096; x_wconf 80' lang='lat' dir='ltr'><strong>Caete-</strong></span> 
     </span>
     <span class='ocr_line' id='line_1_31' title="bbox 102 3123 1766 3201; baseline -0.001 -15"><span class='ocrx_word' id='word_1_345' title='bbox 102 3131 260 3186; x_wconf 85' lang='lat' dir='ltr'><strong>cnllocare.</strong></span> <span class='ocrx_word' id='word_1_346' title='bbox 276 3131 375 3201; x_wconf 82' lang='lat' dir='ltr'><strong>ltaque</strong></span> <span class='ocrx_word' id='word_1_347' title='bbox 390 3128 420 3184; x_wconf 92' lang='lat' dir='ltr'><strong>in</strong></span> <span class='ocrx_word' id='word_1_348' title='bbox 431 3145 515 3185; x_wconf 89' lang='lat' dir='ltr'><strong>causa</strong></span> <span class='ocrx_word' id='word_1_349' title='bbox 527 3126 658 3184; x_wconf 80' lang='lat' dir='ltr'><strong>lietberti</strong></span> <span class='ocrx_word' id='word_1_350' title='bbox 669 3126 911 3195; x_wconf 88' lang='lat' dir='ltr'><strong>abbatis,obeam</strong></span> <span class='ocrx_word' id='word_1_351' title='bbox 962 3141 1028 3181; x_wconf 86' lang='lat' dir='ltr'><strong>rum</strong></span> <span class='ocrx_word' id='word_1_352' title='bbox 1044 3123 1079 3180; x_wconf 91' lang='lat' dir='ltr'><strong>de</strong></span> <span class='ocrx_word' id='word_1_353' title='bbox 1096 3124 1164 3181; x_wconf 89' lang='lat' dir='ltr'><strong>dato</strong></span> <span class='ocrx_word' id='word_1_354' title='bbox 1179 3127 1208 3180; x_wconf 90' lang='lat' dir='ltr'><strong>et</strong></span> <span class='ocrx_word' id='word_1_355' title='bbox 1222 3127 1340 3198; x_wconf 88' lang='lat' dir='ltr'><strong>accepto</strong></span> <span class='ocrx_word' id='word_1_356' title='bbox 1356 3125 1433 3182; x_wconf 88' lang='lat' dir='ltr'><strong>inter</strong></span> <span class='ocrx_word' id='word_1_357' title='bbox 1456 3130 1572 3184; x_wconf 90' lang='lat' dir='ltr'><strong>nostros</strong></span> <span class='ocrx_word' id='word_1_358' title='bbox 1592 3127 1711 3185; x_wconf 88' lang='lat' dir='ltr'><strong>clientes</strong></span> <span class='ocrx_word' id='word_1_359' title='bbox 1725 3129 1766 3184; x_wconf 90' lang='lat' dir='ltr'><strong>sic</strong></span> 
     </span>
     <span class='ocr_line' id='line_1_32' title="bbox 102 3213 1764 3292; baseline 0.002 -19"><span class='ocrx_word' id='word_1_360' title='bbox 102 3235 194 3292; x_wconf 80' lang='lat' dir='ltr'><strong>qnam</strong></span> <span class='ocrx_word' id='word_1_361' title='bbox 210 3233 361 3274; x_wconf 69' lang='lat' dir='ltr'><strong>muamus</strong></span> <span class='ocrx_word' id='word_1_362' title='bbox 372 3233 405 3273; x_wconf 88' lang='lat' dir='ltr'><strong>ec</strong></span> <span class='ocrx_word' id='word_1_363' title='bbox 420 3232 536 3288; x_wconf 87' lang='lat' dir='ltr'><strong>semper</strong></span> <span class='ocrx_word' id='word_1_364' title='bbox 550 3215 629 3282; x_wconf 81' lang='lat' dir='ltr'><strong>vobis</strong></span> <span class='ocrx_word' id='word_1_365' title='bbox 653 3232 766 3272; x_wconf 83' lang='lat' dir='ltr'><strong>servare</strong></span> <span class='ocrx_word' id='word_1_366' title='bbox 781 3216 912 3271; x_wconf 81' lang='lat' dir='ltr'><strong>volumus</strong></span> <span class='ocrx_word' id='word_1_367' title='bbox 959 3214 1025 3286; x_wconf 89' lang='lat' dir='ltr'><strong>jure</strong></span> <span class='ocrx_word' id='word_1_368' title='bbox 1044 3214 1183 3284; x_wconf 90' lang='lat' dir='ltr'><strong>constitit,</strong></span> <span class='ocrx_word' id='word_1_369' title='bbox 1197 3213 1309 3270; x_wconf 90' lang='lat' dir='ltr'><strong>utnibil</strong></span> <span class='ocrx_word' id='word_1_370' title='bbox 1324 3214 1460 3271; x_wconf 89' lang='lat' dir='ltr'><strong>redderet</strong></span> <span class='ocrx_word' id='word_1_371' title='bbox 1476 3215 1525 3288; x_wconf 85' lang='lat' dir='ltr'><strong>qni</strong></span> <span class='ocrx_word' id='word_1_372' title='bbox 1540 3215 1613 3273; x_wconf 90' lang='lat' dir='ltr'><strong>nihil</strong></span> <span class='ocrx_word' id='word_1_373' title='bbox 1631 3217 1764 3276; x_wconf 86' lang='lat' dir='ltr'><strong>deberet.</strong></span> 
     </span>
     <span class='ocr_line' id='line_1_33' title="bbox 100 3301 1513 3378; baseline 0 -16"><span class='ocrx_word' id='word_1_374' title='bbox 100 3307 206 3375; x_wconf 89' lang='lat' dir='ltr'><strong>Iidem,</strong></span> <span class='ocrx_word' id='word_1_375' title='bbox 224 3306 289 3362; x_wconf 82' lang='lat' dir='ltr'><strong>haec</strong></span> <span class='ocrx_word' id='word_1_376' title='bbox 303 3305 358 3361; x_wconf 86' lang='lat' dir='ltr'><strong>trie</strong></span> <span class='ocrx_word' id='word_1_377' title='bbox 368 3305 556 3361; x_wconf 88' lang='lat' dir='ltr'><strong>consultando</strong></span> <span class='ocrx_word' id='word_1_378' title='bbox 567 3303 911 3378; x_wconf 82' lang='lat' dir='ltr'><strong>proponimusPrimum,</strong></span> <span class='ocrx_word' id='word_1_379' title='bbox 1219 3301 1387 3358; x_wconf 79' lang='lat' dir='ltr'>EPISTOLA</span> <span class='ocrx_word' id='word_1_380' title='bbox 1405 3303 1513 3363; x_wconf 83' lang='lat' dir='ltr'>CXLIX.</span> 
     </span>
     <span class='ocr_line' id='line_1_34' title="bbox 99 3391 1767 3466; baseline 0.002 -16"><span class='ocrx_word' id='word_1_381' title='bbox 99 3411 162 3451; x_wconf 89' lang='lat' dir='ltr'><strong>non</strong></span> <span class='ocrx_word' id='word_1_382' title='bbox 177 3409 244 3451; x_wconf 72' lang='lat' dir='ltr'><strong>csse</strong></span> <span class='ocrx_word' id='word_1_383' title='bbox 261 3393 354 3449; x_wconf 84' lang='lat' dir='ltr'><strong>nostri</strong></span> <span class='ocrx_word' id='word_1_384' title='bbox 371 3392 444 3465; x_wconf 87' lang='lat' dir='ltr'><strong>juris</strong></span> <span class='ocrx_word' id='word_1_385' title='bbox 465 3391 569 3448; x_wconf 83' lang='lat' dir='ltr'><strong>laicam</strong></span> <span class='ocrx_word' id='word_1_386' title='bbox 585 3391 615 3447; x_wconf 89' lang='lat' dir='ltr'><strong>in</strong></span> <span class='ocrx_word' id='word_1_387' title='bbox 630 3391 726 3448; x_wconf 90' lang='lat' dir='ltr'><strong>aliene</strong></span> <span class='ocrx_word' id='word_1_388' title='bbox 745 3407 838 3448; x_wconf 87' lang='lat' dir='ltr'><strong>messe</strong></span> <span class='ocrx_word' id='word_1_389' title='bbox 860 3406 911 3464; x_wconf 86' lang='lat' dir='ltr'><strong>po·</strong></span> <span class='ocrx_word' id='word_1_390' title='bbox 999 3392 1074 3449; x_wconf 89' lang='lat' dir='ltr'><strong>Satis</strong></span> <span class='ocrx_word' id='word_1_391' title='bbox 1087 3391 1206 3466; x_wconf 89' lang='lat' dir='ltr'><strong>quidem</strong></span> <span class='ocrx_word' id='word_1_392' title='bbox 1223 3393 1344 3448; x_wconf 88' lang='lat' dir='ltr'><strong>moleste</strong></span> <span class='ocrx_word' id='word_1_393' title='bbox 1365 3393 1527 3450; x_wconf 85' lang='lat' dir='ltr'><strong>absentiam</strong></span> <span class='ocrx_word' id='word_1_394' title='bbox 1549 3397 1676 3452; x_wconf 80' lang='lat' dir='ltr'><strong>vestram</strong></span> <span class='ocrx_word' id='word_1_395' title='bbox 1698 3395 1767 3453; x_wconf 88' lang='lat' dir='ltr'><strong>leri·</strong></span> 
     </span>
     <span class='ocr_line' id='line_1_35' title="bbox 99 3480 1769 3557; baseline 0.001 -17"><span class='ocrx_word' id='word_1_396' title='bbox 99 3501 173 3540; x_wconf 85' lang='lat' dir='ltr'><strong>nere</strong></span> <span class='ocrx_word' id='word_1_397' title='bbox 189 3501 198 3540; x_wconf 92' lang='lat'>:</span> <span class='ocrx_word' id='word_1_398' title='bbox 217 3483 248 3539; x_wconf 87' lang='lat' dir='ltr'><strong>iu</strong></span> <span class='ocrx_word' id='word_1_399' title='bbox 263 3499 322 3555; x_wconf 88' lang='lat' dir='ltr'><strong>quo</strong></span> <span class='ocrx_word' id='word_1_400' title='bbox 338 3481 508 3554; x_wconf 86' lang='lat' dir='ltr'><strong>multiplices</strong></span> <span class='ocrx_word' id='word_1_401' title='bbox 519 3480 706 3553; x_wconf 88' lang='lat' dir='ltr'><strong>rependimus</strong></span> <span class='ocrx_word' id='word_1_402' title='bbox 718 3483 814 3554; x_wconf 80' lang='lat' dir='ltr'><strong>grates</strong></span> <span class='ocrx_word' id='word_1_403' title='bbox 824 3481 913 3537; x_wconf 88' lang='lat' dir='ltr'><strong>etiarn</strong></span> <span class='ocrx_word' id='word_1_404' title='bbox 965 3497 1041 3550; x_wconf 89' lang='lat' dir='ltr'><strong>mus,</strong></span> <span class='ocrx_word' id='word_1_405' title='bbox 1057 3482 1109 3538; x_wconf 90' lang='lat' dir='ltr'><strong>sed</strong></span> <span class='ocrx_word' id='word_1_406' title='bbox 1121 3481 1228 3554; x_wconf 89' lang='lat' dir='ltr'><strong>majori</strong></span> <span class='ocrx_word' id='word_1_407' title='bbox 1247 3497 1317 3536; x_wconf 90' lang='lat' dir='ltr'><strong>cura</strong></span> <span class='ocrx_word' id='word_1_408' title='bbox 1335 3481 1498 3555; x_wconf 88' lang='lat' dir='ltr'><strong>premimur</strong></span> <span class='ocrx_word' id='word_1_409' title='bbox 1514 3484 1552 3539; x_wconf 93' lang='lat' dir='ltr'><strong>ob</strong></span> <span class='ocrx_word' id='word_1_410' title='bbox 1570 3483 1769 3557; x_wconf 76' lang='lat' dir='ltr'><strong>ignorantiam</strong></span> 
     </span>
     <span class='ocr_line' id='line_1_36' title="bbox 100 3569 1770 3648; baseline 0.001 -19"><span class='ocrx_word' id='word_1_411' title='bbox 100 3573 236 3629; x_wconf 88' lang='lat' dir='ltr'><strong>indebito</strong></span> <span class='ocrx_word' id='word_1_412' title='bbox 259 3571 377 3645; x_wconf 81' lang='lat' dir='ltr'><strong>dignari</strong></span> <span class='ocrx_word' id='word_1_413' title='bbox 402 3588 456 3627; x_wconf 89' lang='lat' dir='ltr'><strong>nos</strong></span> <span class='ocrx_word' id='word_1_414' title='bbox 476 3572 598 3628; x_wconf 89' lang='lat' dir='ltr'><strong>honoro.</strong></span> <span class='ocrx_word' id='word_1_415' title='bbox 623 3570 799 3640; x_wconf 89' lang='lat' dir='ltr'><strong>Secundum,</strong></span> <span class='ocrx_word' id='word_1_416' title='bbox 822 3569 913 3626; x_wconf 90' lang='lat' dir='ltr'><strong>sancti</strong></span> <span class='ocrx_word' id='word_1_417' title='bbox 967 3587 1069 3628; x_wconf 88' lang='lat' dir='ltr'><strong>aarum</strong></span> <span class='ocrx_word' id='word_1_418' title='bbox 1083 3587 1182 3628; x_wconf 90' lang='lat' dir='ltr'><strong>rernm</strong></span> <span class='ocrx_word' id='word_1_419' title='bbox 1198 3571 1348 3645; x_wconf 80' lang='lat' dir='ltr'><strong>quaecirca</strong></span> <span class='ocrx_word' id='word_1_420' title='bbox 1363 3575 1575 3645; x_wconf 75' lang='lat' dir='ltr'><strong>vosgeruntur.</strong></span> <span class='ocrx_word' id='word_1_421' title='bbox 1596 3575 1669 3630; x_wconf 88' lang='lat' dir='ltr'><strong>Nam</strong></span> <span class='ocrx_word' id='word_1_422' title='bbox 1688 3575 1770 3648; x_wconf 86' lang='lat' dir='ltr'><strong>cujus</strong></span> 
     </span>
     <span class='ocr_line' id='line_1_37' title="bbox 102 3657 1769 3740; baseline 0.002 -23"><span class='ocrx_word' id='word_1_423' title='bbox 102 3661 234 3734; x_wconf 77' lang='lat' dir='ltr'><strong>Dionysii</strong></span> <span class='ocrx_word' id='word_1_424' title='bbox 248 3659 416 3740; x_wconf 82' lang='lat' dir='ltr'><strong>coenobinm</strong></span> <span class='ocrx_word' id='word_1_425' title='bbox 431 3660 492 3732; x_wconf 85' lang='lat' dir='ltr'><strong>ejus</strong></span> <span class='ocrx_word' id='word_1_426' title='bbox 507 3677 567 3716; x_wconf 88' lang='lat' dir='ltr'><strong>esse</strong></span> <span class='ocrx_word' id='word_1_427' title='bbox 582 3659 750 3717; x_wconf 72' lang='lat' dir='ltr'><strong>reverentia</strong></span> <span class='ocrx_word' id='word_1_428' title='bbox 772 3675 804 3716; x_wconf 88' lang='lat' dir='ltr'><strong>ac</strong></span> <span class='ocrx_word' id='word_1_429' title='bbox 821 3657 915 3732; x_wconf 77' lang='lat' dir='ltr'><strong>digni·</strong></span> <span class='ocrx_word' id='word_1_430' title='bbox 966 3657 1122 3716; x_wconf 80' lang='lat' dir='ltr'><strong>affectuum</strong></span> <span class='ocrx_word' id='word_1_431' title='bbox 1137 3675 1236 3716; x_wconf 90' lang='lat' dir='ltr'><strong>sumus</strong></span> <span class='ocrx_word' id='word_1_432' title='bbox 1249 3659 1414 3733; x_wconf 75' lang='lat' dir='ltr'><strong>participes,</strong></span> <span class='ocrx_word' id='word_1_433' title='bbox 1429 3661 1491 3734; x_wconf 76' lang='lat' dir='ltr'><strong>eJus</strong></span> <span class='ocrx_word' id='word_1_434' title='bbox 1509 3665 1587 3718; x_wconf 90' lang='lat' dir='ltr'><strong>certe</strong></span> <span class='ocrx_word' id='word_1_435' title='bbox 1600 3679 1769 3737; x_wconf 77' lang='lat' dir='ltr'><strong>progressus</strong></span> 
     </span>
     <span class='ocr_line' id='line_1_38' title="bbox 102 3747 1771 3822; baseline 0.002 -17"><span class='ocrx_word' id='word_1_436' title='bbox 102 3751 182 3820; x_wconf 84' lang='lat' dir='ltr'><strong>tatis,</strong></span> <span class='ocrx_word' id='word_1_437' title='bbox 194 3753 229 3806; x_wconf 89' lang='lat' dir='ltr'><strong>ut</strong></span> <span class='ocrx_word' id='word_1_438' title='bbox 244 3747 401 3806; x_wconf 89' lang='lat' dir='ltr'><strong>nulliusibi</strong></span> <span class='ocrx_word' id='word_1_439' title='bbox 417 3750 602 3821; x_wconf 83' lang='lat' dir='ltr'><strong>megIstratns</strong></span> <span class='ocrx_word' id='word_1_440' title='bbox 614 3748 718 3806; x_wconf 89' lang='lat' dir='ltr'><strong>debeat</strong></span> <span class='ocrx_word' id='word_1_441' title='bbox 734 3749 842 3822; x_wconf 91' lang='lat' dir='ltr'><strong>deponi</strong></span> <span class='ocrx_word' id='word_1_442' title='bbox 864 3751 915 3805; x_wconf 88' lang='lat' dir='ltr'><strong>eut</strong></span> <span class='ocrx_word' id='word_1_443' title='bbox 960 3750 996 3805; x_wconf 84' lang='lat' dir='ltr'><strong>et</strong></span> <span class='ocrx_word' id='word_1_444' title='bbox 1011 3749 1103 3805; x_wconf 82' lang='lat' dir='ltr'><strong>exitus</strong></span> <span class='ocrx_word' id='word_1_445' title='bbox 1116 3749 1230 3805; x_wconf 82' lang='lat' dir='ltr'><strong>riarum</strong></span> <span class='ocrx_word' id='word_1_446' title='bbox 1244 3748 1381 3821; x_wconf 75' lang='lat' dir='ltr'><strong>ignorare</strong></span> <span class='ocrx_word' id='word_1_447' title='bbox 1395 3750 1516 3808; x_wconf 92' lang='lat' dir='ltr'><strong>minime</strong></span> <span class='ocrx_word' id='word_1_448' title='bbox 1532 3751 1681 3809; x_wconf 86' lang='lat' dir='ltr'><strong>debemus.</strong></span> <span class='ocrx_word' id='word_1_449' title='bbox 1707 3753 1771 3810; x_wconf 82' lang='lat' dir='ltr'><strong>Fes-</strong></span> 
     </span>
     <span class='ocr_line' id='line_1_39' title="bbox 102 3837 1768 3915; baseline 0.001 -19"><span class='ocrx_word' id='word_1_450' title='bbox 102 3839 220 3912; x_wconf 87' lang='lat' dir='ltr'><strong>imponi</strong></span> <span class='ocrx_word' id='word_1_451' title='bbox 234 3839 299 3895; x_wconf 89' lang='lat' dir='ltr'><strong>sine</strong></span> <span class='ocrx_word' id='word_1_452' title='bbox 320 3837 618 3913; x_wconf 78' lang='lat' dir='ltr'><strong>comprovincialium,</strong></span> <span class='ocrx_word' id='word_1_453' title='bbox 636 3855 760 3911; x_wconf 89' lang='lat' dir='ltr'><strong>quorum</strong></span> <span class='ocrx_word' id='word_1_454' title='bbox 782 3837 914 3909; x_wconf 88' lang='lat' dir='ltr'><strong>interest,</strong></span> <span class='ocrx_word' id='word_1_455' title='bbox 966 3838 1058 3896; x_wconf 88' lang='lat' dir='ltr'><strong>tinate</strong></span> <span class='ocrx_word' id='word_1_456' title='bbox 1071 3854 1142 3911; x_wconf 77' lang='lat' dir='ltr'><strong>ergo</strong></span> <span class='ocrx_word' id='word_1_457' title='bbox 1157 3840 1187 3894; x_wconf 89' lang='lat' dir='ltr'><strong>et</strong></span> <span class='ocrx_word' id='word_1_458' title='bbox 1201 3838 1305 3896; x_wconf 88' lang='lat' dir='ltr'><strong>litteris</strong></span> <span class='ocrx_word' id='word_1_459' title='bbox 1318 3839 1438 3912; x_wconf 87' lang='lat' dir='ltr'><strong>planum</strong></span> <span class='ocrx_word' id='word_1_460' title='bbox 1449 3840 1543 3897; x_wconf 89' lang='lat' dir='ltr'><strong>lacere</strong></span> <span class='ocrx_word' id='word_1_461' title='bbox 1556 3841 1626 3915; x_wconf 86' lang='lat' dir='ltr'><strong>quid</strong></span> <span class='ocrx_word' id='word_1_462' title='bbox 1637 3857 1768 3903; x_wconf 81' lang='lat' dir='ltr'><strong>commu—</strong></span> 
     </span>
     <span class='ocr_line' id='line_1_40' title="bbox 104 3927 1769 4004; baseline 0.002 -21"><span class='ocrx_word' id='word_1_463' title='bbox 104 3945 252 3986; x_wconf 85' lang='lat' dir='ltr'><strong>consensn</strong></span> <span class='ocrx_word' id='word_1_464' title='bbox 265 3942 300 3984; x_wconf 87' lang='lat' dir='ltr'><strong>ac</strong></span> <span class='ocrx_word' id='word_1_465' title='bbox 315 3927 412 3984; x_wconf 82' lang='lat' dir='ltr'><strong>lavore</strong></span> <span class='ocrx_word' id='word_1_466' title='bbox 427 3928 561 3984; x_wconf 88' lang='lat' dir='ltr'><strong>solemni.</strong></span> <span class='ocrx_word' id='word_1_467' title='bbox 576 3928 704 3984; x_wconf 87' lang='lat' dir='ltr'><strong>Tertium</strong></span> <span class='ocrx_word' id='word_1_468' title='bbox 714 3927 914 4001; x_wconf 87' lang='lat' dir='ltr'><strong>proponimus,</strong></span> <span class='ocrx_word' id='word_1_469' title='bbox 967 3927 1048 3984; x_wconf 90' lang='lat' dir='ltr'><strong>nium</strong></span> <span class='ocrx_word' id='word_1_470' title='bbox 1060 3927 1246 4001; x_wconf 76' lang='lat' dir='ltr'><strong>negotiorum</strong></span> <span class='ocrx_word' id='word_1_471' title='bbox 1257 3943 1290 3984; x_wconf 86' lang='lat' dir='ltr'><strong>ac</strong></span> <span class='ocrx_word' id='word_1_472' title='bbox 1305 3928 1484 4002; x_wconf 88' lang='lat' dir='ltr'><strong>privatorum</strong></span> <span class='ocrx_word' id='word_1_473' title='bbox 1499 3927 1687 4003; x_wconf 89' lang='lat' dir='ltr'><strong>postmodnm</strong></span> <span class='ocrx_word' id='word_1_474' title='bbox 1701 3947 1769 4004; x_wconf 74' lang='lat' dir='ltr'><strong>ege·</strong></span> 
     </span>
    </p>
   </div>
   <div class='ocr_carea' id='block_1_3' title="bbox 104 4015 1863 4091">
    <p class='ocr_par' dir='ltr' id='par_1_3' title="bbox 104 4015 1863 4091">
     <span class='ocr_line' id='line_1_41' title="bbox 104 4015 1863 4091; baseline -0.003 -13"><span class='ocrx_word' id='word_1_475' title='bbox 104 4023 205 4078; x_wconf 84' lang='lat' dir='ltr'><strong>airam</strong></span> <span class='ocrx_word' id='word_1_476' title='bbox 223 4019 255 4074; x_wconf 93' lang='lat' dir='ltr'><strong>ln</strong></span> <span class='ocrx_word' id='word_1_477' title='bbox 277 4017 415 4073; x_wconf 86' lang='lat' dir='ltr'><strong>dilatione</strong></span> <span class='ocrx_word' id='word_1_478' title='bbox 434 4017 551 4088; x_wconf 85' lang='lat' dir='ltr'><strong>ponitis,</strong></span> <span class='ocrx_word' id='word_1_479' title='bbox 574 4019 675 4072; x_wconf 78' lang='lat' dir='ltr'><strong>restrae</strong></span> <span class='ocrx_word' id='word_1_480' title='bbox 700 4015 917 4072; x_wconf 87' lang='lat' dir='ltr'><strong>mansuetudini</strong></span> <span class='ocrx_word' id='word_1_481' title='bbox 966 4016 1038 4085; x_wconf 91' lang='lat' dir='ltr'><strong>ritis,</strong></span> <span class='ocrx_word' id='word_1_482' title='bbox 1055 4017 1157 4090; x_wconf 81' lang='lat' dir='ltr'><strong>agatis,</strong></span> <span class='ocrx_word' id='word_1_483' title='bbox 1171 4033 1238 4073; x_wconf 86' lang='lat' dir='ltr'><strong>mox</strong></span> <span class='ocrx_word' id='word_1_484' title='bbox 1253 4033 1340 4090; x_wconf 77' lang='lat' dir='ltr'><strong>agere</strong></span> <span class='ocrx_word' id='word_1_485' title='bbox 1366 4016 1535 4088; x_wconf 87' lang='lat' dir='ltr'><strong>disponatis,</strong></span> <span class='ocrx_word' id='word_1_486' title='bbox 1565 4019 1708 4091; x_wconf 88' lang='lat' dir='ltr'><strong>simulque</strong></span> <span class='ocrx_word' id='word_1_487' title='bbox 1731 4017 1769 4074; x_wconf 90' lang='lat' dir='ltr'><strong>si·</strong></span> <span class='ocrx_word' id='word_1_488' title='bbox 1858 4079 1863 4088; x_wconf 34' lang='lat'><strong>¹</strong></span> 
     </span>
    </p>
   </div>
   <div class='ocr_carea' id='block_1_4' title="bbox 105 4104 1803 5796">
    <p class='ocr_par' dir='ltr' id='par_1_4' title="bbox 105 4104 1803 5796">
     <span class='ocr_line' id='line_1_42' title="bbox 105 4104 1768 4184; baseline -0.002 -18"><span class='ocrx_word' id='word_1_489' title='bbox 105 4107 340 4184; x_wconf 76' lang='lat' dir='ltr'><strong>suggerendum,</strong></span> <span class='ocrx_word' id='word_1_490' title='bbox 361 4104 502 4179; x_wconf 87' lang='lat' dir='ltr'><strong>quidquid</strong></span> <span class='ocrx_word' id='word_1_491' title='bbox 518 4105 666 4162; x_wconf 90' lang='lat' dir='ltr'><strong>honestius</strong></span> <span class='ocrx_word' id='word_1_492' title='bbox 688 4107 718 4160; x_wconf 90' lang='lat' dir='ltr'><strong>et</strong></span> <span class='ocrx_word' id='word_1_493' title='bbox 737 4105 836 4161; x_wconf 90' lang='lat' dir='ltr'><strong>utilius</strong></span> <span class='ocrx_word' id='word_1_494' title='bbox 850 4119 916 4161; x_wconf 90' lang='lat' dir='ltr'><strong>cum</strong></span> <span class='ocrx_word' id='word_1_495' title='bbox 967 4105 1103 4179; x_wconf 80' lang='lat' dir='ltr'><strong>gallicate</strong></span> <span class='ocrx_word' id='word_1_496' title='bbox 1119 4105 1190 4179; x_wconf 84' lang='lat' dir='ltr'><strong>quid</strong></span> <span class='ocrx_word' id='word_1_497' title='bbox 1200 4121 1253 4161; x_wconf 93' lang='lat' dir='ltr'><strong>nos</strong></span> <span class='ocrx_word' id='word_1_498' title='bbox 1267 4106 1363 4162; x_wconf 87' lang='lat' dir='ltr'><strong>Iacere</strong></span> <span class='ocrx_word' id='word_1_499' title='bbox 1375 4106 1477 4164; x_wconf 80' lang='lat' dir='ltr'><strong>velitis.</strong></span> <span class='ocrx_word' id='word_1_500' title='bbox 1492 4107 1523 4162; x_wconf 89' lang='lat' dir='ltr'><strong>ln</strong></span> <span class='ocrx_word' id='word_1_501' title='bbox 1536 4107 1680 4164; x_wconf 90' lang='lat' dir='ltr'><strong>electione</strong></span> <span class='ocrx_word' id='word_1_502' title='bbox 1694 4107 1768 4180; x_wconf 88' lang='lat' dir='ltr'><strong>apis-</strong></span> 
     </span>
     <span class='ocr_line' id='line_1_43' title="bbox 105 4193 1771 4272; baseline -0.002 -17"><span class='ocrx_word' id='word_1_503' title='bbox 105 4195 335 4272; x_wconf 77' lang='lat' dir='ltr'><strong>religiosissimis</strong></span> <span class='ocrx_word' id='word_1_504' title='bbox 349 4199 379 4251; x_wconf 88' lang='lat' dir='ltr'><strong>et</strong></span> <span class='ocrx_word' id='word_1_505' title='bbox 393 4195 578 4266; x_wconf 89' lang='lat' dir='ltr'><strong>amplissimis</strong></span> <span class='ocrx_word' id='word_1_506' title='bbox 591 4195 658 4251; x_wconf 84' lang='lat' dir='ltr'><strong>vlris</strong></span> <span class='ocrx_word' id='word_1_507' title='bbox 670 4194 862 4251; x_wconf 87' lang='lat' dir='ltr'><strong>inveniemus.</strong></span> <span class='ocrx_word' id='word_1_508' title='bbox 968 4193 1033 4268; x_wconf 92' lang='lat' dir='ltr'><strong>copi</strong></span> <span class='ocrx_word' id='word_1_509' title='bbox 1047 4211 1067 4250; x_wconf 89' lang='lat' dir='ltr'><strong>n</strong></span> <span class='ocrx_word' id='word_1_510' title='bbox 1082 4193 1185 4250; x_wconf 91' lang='lat' dir='ltr'><strong>Iduum</strong></span> <span class='ocrx_word' id='word_1_511' title='bbox 1196 4193 1330 4263; x_wconf 80' lang='lat' dir='ltr'><strong>Februar,</strong></span> <span class='ocrx_word' id='word_1_512' title='bbox 1345 4194 1489 4264; x_wconf 88' lang='lat' dir='ltr'><strong>habenda,</strong></span> <span class='ocrx_word' id='word_1_513' title='bbox 1504 4211 1560 4269; x_wconf 87' lang='lat' dir='ltr'><strong>qua</strong></span> <span class='ocrx_word' id='word_1_514' title='bbox 1574 4195 1620 4252; x_wconf 91' lang='lat' dir='ltr'><strong>die</strong></span> <span class='ocrx_word' id='word_1_515' title='bbox 1632 4198 1662 4252; x_wconf 88' lang='lat' dir='ltr'><strong>et</strong></span> <span class='ocrx_word' id='word_1_516' title='bbox 1675 4196 1771 4270; x_wconf 91' lang='lat' dir='ltr'><strong>potius</strong></span> 
     </span>
     <span class='ocr_line' id='line_1_44' title="bbox 369 4283 1771 4357; baseline 0.001 -17"><span class='ocrx_word' id='word_1_517' title='bbox 369 4283 538 4340; x_wconf 81' lang='lat' dir='ltr'>EPISTOLA</span> <span class='ocrx_word' id='word_1_518' title='bbox 553 4284 663 4340; x_wconf 85' lang='lat' dir='ltr'>CXLVI.</span> <span class='ocrx_word' id='word_1_519' title='bbox 968 4283 1062 4356; x_wconf 91' lang='lat' dir='ltr'><strong>pridie</strong></span> <span class='ocrx_word' id='word_1_520' title='bbox 1086 4285 1181 4338; x_wconf 84' lang='lat' dir='ltr'><strong>restra</strong></span> <span class='ocrx_word' id='word_1_521' title='bbox 1203 4283 1439 4356; x_wconf 75' lang='lat' dir='ltr'><strong>prestolabimur</strong></span> <span class='ocrx_word' id='word_1_522' title='bbox 1463 4299 1612 4357; x_wconf 87' lang='lat' dir='ltr'><strong>responsa,</strong></span> <span class='ocrx_word' id='word_1_523' title='bbox 1643 4287 1673 4342; x_wconf 91' lang='lat' dir='ltr'><strong>et</strong></span> <span class='ocrx_word' id='word_1_524' title='bbox 1701 4285 1771 4357; x_wconf 91' lang='lat' dir='ltr'><strong>quid</strong></span> 
     </span>
     <span class='ocr_line' id='line_1_45' title="bbox 140 4370 1771 4450; baseline -0.001 -18"><span class='ocrx_word' id='word_1_525' title='bbox 140 4374 749 4450; x_wconf 74' lang='lat' dir='ltr'><strong>neeimoxu.1anuar.arcgeaccepum</strong></span> <span class='ocrx_word' id='word_1_526' title='bbox 766 4370 918 4447; x_wconf 89' lang='lat' dir='ltr'><strong>epistolam</strong></span> <span class='ocrx_word' id='word_1_527' title='bbox 937 4375 938 4380; x_wconf 76' lang='grc'>’</span> <span class='ocrx_word' id='word_1_528' title='bbox 967 4372 1054 4428; x_wconf 83' lang='lat' dir='ltr'><strong>Ausci</strong></span> <span class='ocrx_word' id='word_1_529' title='bbox 1070 4372 1148 4445; x_wconf 90' lang='lat' dir='ltr'><strong>apud</strong></span> <span class='ocrx_word' id='word_1_530' title='bbox 1162 4371 1283 4427; x_wconf 89' lang='lat' dir='ltr'><strong>comites</strong></span> <span class='ocrx_word' id='word_1_531' title='bbox 1306 4372 1410 4445; x_wconf 78' lang='lat' dir='ltr'><strong>egerit,</strong></span> <span class='ocrx_word' id='word_1_532' title='bbox 1426 4377 1457 4429; x_wconf 92' lang='lat' dir='ltr'><strong>et</strong></span> <span class='ocrx_word' id='word_1_533' title='bbox 1477 4389 1528 4430; x_wconf 87' lang='lat' dir='ltr'><strong>cur</strong></span> <span class='ocrx_word' id='word_1_534' title='bbox 1550 4373 1612 4446; x_wconf 88' lang='lat' dir='ltr'><strong>ejus</strong></span> <span class='ocrx_word' id='word_1_535' title='bbox 1634 4373 1771 4430; x_wconf 91' lang='lat' dir='ltr'><strong>nuntium</strong></span> 
     </span>
     <span class='ocr_line' id='line_1_46' title="bbox 105 4458 1773 4538; baseline -0.001 -16"><span class='ocrx_word' id='word_1_536' title='bbox 105 4464 290 4522; x_wconf 76' lang='lat' dir='ltr'><strong>fraternitati</strong></span> <span class='ocrx_word' id='word_1_537' title='bbox 307 4465 408 4520; x_wconf 80' lang='lat' dir='ltr'><strong>veslrae</strong></span> <span class='ocrx_word' id='word_1_538' title='bbox 425 4461 580 4520; x_wconf 84' lang='lat' dir='ltr'><strong>direximus</strong></span> <span class='ocrx_word' id='word_1_539' title='bbox 601 4481 654 4538; x_wconf 93' lang='lat' dir='ltr'><strong>per</strong></span> <span class='ocrx_word' id='word_1_540' title='bbox 680 4465 714 4520; x_wconf 84' lang='lat' dir='ltr'><strong>R.</strong></span> <span class='ocrx_word' id='word_1_541' title='bbox 738 4459 955 4537; x_wconf 70' lang='lat' dir='ltr'><strong>aequiescunt)</strong></span> <span class='ocrx_word' id='word_1_542' title='bbox 969 4461 1063 4517; x_wconf 88' lang='lat' dir='ltr'><strong>adhuc</strong></span> <span class='ocrx_word' id='word_1_543' title='bbox 1078 4458 1202 4519; x_wconf 87' lang='lat' dir='ltr'><strong>minime</strong></span> <span class='ocrx_word' id='word_1_544' title='bbox 1215 4459 1383 4530; x_wconf 82' lang='lat' dir='ltr'><strong>viderimus,</strong></span> <span class='ocrx_word' id='word_1_545' title='bbox 1397 4465 1427 4518; x_wconf 88' lang='lat' dir='ltr'><strong>ct</strong></span> <span class='ocrx_word' id='word_1_546' title='bbox 1438 4463 1536 4518; x_wconf 90' lang='lat' dir='ltr'><strong>utrum</strong></span> <span class='ocrx_word' id='word_1_547' title='bbox 1556 4479 1658 4536; x_wconf 76' lang='lat' dir='ltr'><strong>regem</strong></span> <span class='ocrx_word' id='word_1_548' title='bbox 1679 4479 1713 4519; x_wconf 90' lang='lat' dir='ltr'><strong>ac</strong></span> <span class='ocrx_word' id='word_1_549' title='bbox 1727 4479 1773 4520; x_wconf 90' lang='lat' dir='ltr'><strong>co-</strong></span> 
     </span>
     <span class='ocr_line' id='line_1_47' title="bbox 107 4548 1773 4628; baseline -0.002 -18"><span class='ocrx_word' id='word_1_550' title='bbox 107 4555 199 4628; x_wconf 86' lang='lat' dir='ltr'><strong>patri,</strong></span> <span class='ocrx_word' id='word_1_551' title='bbox 215 4553 245 4608; x_wconf 92' lang='lat' dir='ltr'><strong>in</strong></span> <span class='ocrx_word' id='word_1_552' title='bbox 256 4568 313 4626; x_wconf 79' lang='lat' dir='ltr'><strong>qna</strong></span> <span class='ocrx_word' id='word_1_553' title='bbox 327 4555 421 4608; x_wconf 80' lang='lat' dir='ltr'><strong>vester</strong></span> <span class='ocrx_word' id='word_1_554' title='bbox 435 4568 468 4608; x_wconf 87' lang='lat' dir='ltr'><strong>ec</strong></span> <span class='ocrx_word' id='word_1_555' title='bbox 480 4551 641 4608; x_wconf 85' lang='lat' dir='ltr'><strong>iratrismei</strong></span> <span class='ocrx_word' id='word_1_556' title='bbox 657 4553 795 4609; x_wconf 88' lang='lat' dir='ltr'><strong>adventus</strong></span> <span class='ocrx_word' id='word_1_557' title='bbox 804 4551 834 4607; x_wconf 91' lang='lat' dir='ltr'><strong>in</strong></span> <span class='ocrx_word' id='word_1_558' title='bbox 847 4551 918 4606; x_wconf 92' lang='lat' dir='ltr'><strong>urbe</strong></span> <span class='ocrx_word' id='word_1_559' title='bbox 970 4549 1056 4607; x_wconf 89' lang='lat' dir='ltr'><strong>mites</strong></span> <span class='ocrx_word' id='word_1_560' title='bbox 1068 4549 1147 4624; x_wconf 90' lang='lat' dir='ltr'><strong>prius</strong></span> <span class='ocrx_word' id='word_1_561' title='bbox 1165 4549 1322 4605; x_wconf 88' lang='lat' dir='ltr'><strong>convenire</strong></span> <span class='ocrx_word' id='word_1_562' title='bbox 1338 4548 1508 4619; x_wconf 88' lang='lat' dir='ltr'><strong>debeamus,</strong></span> <span class='ocrx_word' id='word_1_563' title='bbox 1521 4554 1552 4607; x_wconf 91' lang='lat' dir='ltr'><strong>et</strong></span> <span class='ocrx_word' id='word_1_564' title='bbox 1566 4551 1589 4606; x_wconf 91' lang='lat' dir='ltr'><strong>sl</strong></span> <span class='ocrx_word' id='word_1_565' title='bbox 1604 4551 1659 4607; x_wconf 89' lang='lat' dir='ltr'><strong>iter</strong></span> <span class='ocrx_word' id='word_1_566' title='bbox 1678 4552 1715 4607; x_wconf 85' lang='lat' dir='ltr'><strong>ad</strong></span> <span class='ocrx_word' id='word_1_567' title='bbox 1729 4553 1773 4608; x_wconf 94' lang='lat' dir='ltr'><strong>in-</strong></span> 
     </span>
     <span class='ocr_line' id='line_1_48' title="bbox 109 4636 1773 4715; baseline -0.001 -17"><span class='ocrx_word' id='word_1_568' title='bbox 109 4643 277 4700; x_wconf 83' lang='lat' dir='ltr'><strong>Remorum</strong></span> <span class='ocrx_word' id='word_1_569' title='bbox 291 4643 487 4715; x_wconf 87' lang='lat' dir='ltr'><strong>expetebatur,</strong></span> <span class='ocrx_word' id='word_1_570' title='bbox 502 4659 518 4697; x_wconf 84' lang='lat' dir='ltr'><strong>r</strong></span> <span class='ocrx_word' id='word_1_571' title='bbox 534 4642 596 4698; x_wconf 89' lang='lat' dir='ltr'><strong>Xal.</strong></span> <span class='ocrx_word' id='word_1_572' title='bbox 611 4642 728 4698; x_wconf 83' lang='lat' dir='ltr'><strong>Ianuar.</strong></span> <span class='ocrx_word' id='word_1_573' title='bbox 744 4639 831 4714; x_wconf 78' lang='lat' dir='ltr'><strong>regiis</strong></span> <span class='ocrx_word' id='word_1_574' title='bbox 839 4641 918 4712; x_wconf 85' lang='lat' dir='ltr'><strong>lega·</strong></span> <span class='ocrx_word' id='word_1_575' title='bbox 967 4639 1101 4712; x_wconf 86' lang='lat' dir='ltr'><strong>junctum</strong></span> <span class='ocrx_word' id='word_1_576' title='bbox 1114 4636 1292 4712; x_wconf 84' lang='lat' dir='ltr'><strong>colloquium</strong></span> <span class='ocrx_word' id='word_1_577' title='bbox 1304 4639 1379 4695; x_wconf 77' lang='lat' dir='ltr'><strong>Cales</strong></span> <span class='ocrx_word' id='word_1_578' title='bbox 1393 4638 1508 4698; x_wconf 77' lang='lat' dir='ltr'><strong>differre</strong></span> <span class='ocrx_word' id='word_1_579' title='bbox 1521 4640 1688 4710; x_wconf 87' lang='lat' dir='ltr'><strong>debeamus,</strong></span> <span class='ocrx_word' id='word_1_580' title='bbox 1705 4644 1735 4696; x_wconf 88' lang='lat' dir='ltr'><strong>et</strong></span> <span class='ocrx_word' id='word_1_581' title='bbox 1749 4638 1773 4697; x_wconf 89' lang='lat' dir='ltr'><strong>si</strong></span> 
     </span>
     <span class='ocr_line' id='line_1_49' title="bbox 108 4725 1773 4802; baseline -0.002 -14"><span class='ocrx_word' id='word_1_582' title='bbox 108 4735 146 4788; x_wconf 87' lang='lat' dir='ltr'><strong>tis</strong></span> <span class='ocrx_word' id='word_1_583' title='bbox 157 4731 279 4788; x_wconf 81' lang='lat' dir='ltr'><strong>obviam</strong></span> <span class='ocrx_word' id='word_1_584' title='bbox 294 4729 448 4799; x_wconf 87' lang='lat' dir='ltr'><strong>occursuri,</strong></span> <span class='ocrx_word' id='word_1_585' title='bbox 464 4730 512 4802; x_wconf 86' lang='lat' dir='ltr'><strong>qui</strong></span> <span class='ocrx_word' id='word_1_586' title='bbox 537 4745 572 4786; x_wconf 81' lang='lat' dir='ltr'><strong>ex</strong></span> <span class='ocrx_word' id='word_1_587' title='bbox 593 4729 725 4786; x_wconf 90' lang='lat' dir='ltr'><strong>condicto</strong></span> <span class='ocrx_word' id='word_1_588' title='bbox 739 4729 856 4802; x_wconf 87' lang='lat' dir='ltr'><strong>quidem</strong></span> <span class='ocrx_word' id='word_1_589' title='bbox 872 4743 919 4784; x_wconf 81' lang='lat' dir='ltr'><strong>re·</strong></span> <span class='ocrx_word' id='word_1_590' title='bbox 970 4725 1264 4799; x_wconf 83' lang='lat' dir='ltr'><strong>ccrenietis,etcujus</strong></span> <span class='ocrx_word' id='word_1_591' title='bbox 1271 4727 1438 4785; x_wconf 78' lang='lat' dir='ltr'><strong>iarorehaec</strong></span> <span class='ocrx_word' id='word_1_592' title='bbox 1448 4731 1478 4784; x_wconf 92' lang='lat' dir='ltr'><strong>et</strong></span> <span class='ocrx_word' id='word_1_593' title='bbox 1487 4728 1531 4784; x_wconf 88' lang='lat' dir='ltr'><strong>his</strong></span> <span class='ocrx_word' id='word_1_594' title='bbox 1540 4727 1656 4797; x_wconf 88' lang='lat' dir='ltr'><strong>similia,</strong></span> <span class='ocrx_word' id='word_1_595' title='bbox 1666 4727 1773 4802; x_wconf 88' lang='lat' dir='ltr'><strong>plenia-</strong></span> 
     </span>
     <span class='ocr_line' id='line_1_50' title="bbox 109 4815 1773 4892; baseline -0.002 -15"><span class='ocrx_word' id='word_1_596' title='bbox 109 4821 234 4888; x_wconf 89' lang='lat' dir='ltr'><strong>nernnt,</strong></span> <span class='ocrx_word' id='word_1_597' title='bbox 249 4819 299 4875; x_wconf 88' lang='lat' dir='ltr'><strong>sed</strong></span> <span class='ocrx_word' id='word_1_598' title='bbox 314 4836 364 4875; x_wconf 81' lang='lat' dir='ltr'><strong>vos</strong></span> <span class='ocrx_word' id='word_1_599' title='bbox 383 4835 442 4876; x_wconf 91' lang='lat' dir='ltr'><strong>noo</strong></span> <span class='ocrx_word' id='word_1_600' title='bbox 464 4819 646 4876; x_wconf 82' lang='lat' dir='ltr'><strong>inuenerunt.</strong></span> <span class='ocrx_word' id='word_1_601' title='bbox 665 4819 755 4875; x_wconf 87' lang='lat' dir='ltr'><strong>Porro</strong></span> <span class='ocrx_word' id='word_1_602' title='bbox 772 4818 920 4890; x_wconf 83' lang='lat' dir='ltr'><strong>exemplar</strong></span> <span class='ocrx_word' id='word_1_603' title='bbox 970 4817 1075 4874; x_wconf 80' lang='lat' dir='ltr'><strong>sunem</strong></span> <span class='ocrx_word' id='word_1_604' title='bbox 1085 4816 1174 4872; x_wconf 89' lang='lat' dir='ltr'><strong>fldem</strong></span> <span class='ocrx_word' id='word_1_605' title='bbox 1185 4815 1222 4872; x_wconf 88' lang='lat' dir='ltr'><strong>ad</strong></span> <span class='ocrx_word' id='word_1_606' title='bbox 1229 4816 1456 4874; x_wconf 80' lang='lat' dir='ltr'><strong>roshabeotibus</strong></span> <span class='ocrx_word' id='word_1_607' title='bbox 1463 4818 1550 4890; x_wconf 85' lang='lat' dir='ltr'><strong>plena</strong></span> <span class='ocrx_word' id='word_1_608' title='bbox 1559 4818 1617 4874; x_wconf 88' lang='lat' dir='ltr'><strong>flde</strong></span> <span class='ocrx_word' id='word_1_609' title='bbox 1626 4817 1773 4892; x_wconf 87' lang='lat' dir='ltr'><strong>deponite.</strong></span> 
     </span>
     <span class='ocr_line' id='line_1_51' title="bbox 109 4888 1492 4984; baseline -0.003 -18"><span class='ocrx_word' id='word_1_610' title='bbox 109 4909 223 4984; x_wconf 85' lang='lat' dir='ltr'><strong>prioris</strong></span> <span class='ocrx_word' id='word_1_611' title='bbox 234 4908 360 4982; x_wconf 77' lang='lat' dir='ltr'><strong>epistole</strong></span> <span class='ocrx_word' id='word_1_612' title='bbox 369 4910 475 4964; x_wconf 82' lang='lat' dir='ltr'><strong>nostrae</strong></span> <span class='ocrx_word' id='word_1_613' title='bbox 487 4925 564 4965; x_wconf 92' lang='lat' dir='ltr'><strong>nunc</strong></span> <span class='ocrx_word' id='word_1_614' title='bbox 579 4907 732 4977; x_wconf 90' lang='lat' dir='ltr'><strong>mittimus,</strong></span> <span class='ocrx_word' id='word_1_615' title='bbox 744 4888 921 4981; x_wconf 80' lang='lat' dir='ltr'><strong>postulantes</strong></span> <span class='ocrx_word' id='word_1_616' title='bbox 1257 4905 1424 4962; x_wconf 81' lang='lat' dir='ltr'>EPIS&#39;IOLA</span> <span class='ocrx_word' id='word_1_617' title='bbox 1440 4907 1492 4964; x_wconf 90' lang='lat' dir='ltr'><strong>CL.</strong></span> 
     </span>
     <span class='ocr_line' id='line_1_52' title="bbox 109 4993 1775 5070; baseline 0 -16"><span class='ocrx_word' id='word_1_618' title='bbox 109 4996 408 5055; x_wconf 83' lang='lat' dir='ltr'><strong>datumirIsubitum</strong></span> <span class='ocrx_word' id='word_1_619' title='bbox 431 5012 601 5069; x_wconf 89' lang='lat' dir='ltr'><strong>responsum</strong></span> <span class='ocrx_word' id='word_1_620' title='bbox 623 4995 777 5053; x_wconf 78' lang='lat' dir='ltr'><strong>uoluntatis</strong></span> <span class='ocrx_word' id='word_1_621' title='bbox 796 4993 921 5070; x_wconf 82' lang='lat' dir='ltr'><strong>proprios</strong></span> <span class='ocrx_word' id='word_1_622' title='bbox 998 4993 1134 5051; x_wconf 70' lang='lat' dir='ltr'><strong>Gratuita</strong></span> <span class='ocrx_word' id='word_1_623' title='bbox 1142 4994 1775 5070; x_wconf 75' lang='lat' dir='ltr'><strong>benevolentiavestraenullbrespondemus</strong></span> 
     </span>
     <span class='ocr_line' id='line_1_53' title="bbox 112 5083 1775 5160; baseline -0.001 -16"><span class='ocrx_word' id='word_1_624' title='bbox 112 5086 251 5144; x_wconf 82' lang='lat' dir='ltr'><strong>simulet</strong></span> <span class='ocrx_word' id='word_1_625' title='bbox 265 5086 395 5143; x_wconf 86' lang='lat' dir='ltr'><strong>aetionis.</strong></span> <span class='ocrx_word' id='word_1_626' title='bbox 972 5083 1093 5141; x_wconf 88' lang='lat' dir='ltr'><strong>moritis.</strong></span> <span class='ocrx_word' id='word_1_627' title='bbox 1109 5083 1184 5151; x_wconf 79' lang='lat' dir='ltr'><strong>Ouid</strong></span> <span class='ocrx_word' id='word_1_628' title='bbox 1194 5084 1274 5140; x_wconf 89' lang='lat' dir='ltr'><strong>enim</strong></span> <span class='ocrx_word' id='word_1_629' title='bbox 1290 5085 1465 5141; x_wconf 90' lang='lat' dir='ltr'><strong>contulimus</strong></span> <span class='ocrx_word' id='word_1_630' title='bbox 1482 5085 1638 5160; x_wconf 87' lang='lat' dir='ltr'><strong>aliquando</strong></span> <span class='ocrx_word' id='word_1_631' title='bbox 1653 5086 1775 5160; x_wconf 75' lang='lat' dir='ltr'><strong>dignum</strong></span> 
     </span>
     <span class='ocr_line' id='line_1_54' title="bbox 369 5172 1777 5249; baseline 0.001 -18"><span class='ocrx_word' id='word_1_632' title='bbox 369 5173 537 5233; x_wconf 69' lang='lat' dir='ltr'><strong>aristote</strong></span> <span class='ocrx_word' id='word_1_633' title='bbox 556 5175 676 5232; x_wconf 86' lang='lat' dir='ltr'><strong>CXLllll.</strong></span> <span class='ocrx_word' id='word_1_634' title='bbox 972 5174 1117 5248; x_wconf 82' lang='lat' dir='ltr'><strong>legatIonc</strong></span> <span class='ocrx_word' id='word_1_635' title='bbox 1126 5172 1343 5230; x_wconf 80' lang='lat' dir='ltr'><strong>Rodericillioc</strong></span> <span class='ocrx_word' id='word_1_636' title='bbox 1354 5176 1448 5230; x_wconf 88' lang='lat' dir='ltr'><strong>solum</strong></span> <span class='ocrx_word' id='word_1_637' title='bbox 1458 5178 1588 5248; x_wconf 88' lang='lat' dir='ltr'><strong>superest</strong></span> <span class='ocrx_word' id='word_1_638' title='bbox 1597 5175 1777 5249; x_wconf 81' lang='lat' dir='ltr'><strong>utintelliga·</strong></span> 
     </span>
     <span class='ocr_line' id='line_1_55' title="bbox 235 5261 1775 5338; baseline -0.001 -16"><span class='ocrx_word' id='word_1_639' title='bbox 235 5279 320 5322; x_wconf 74' lang='lat' dir='ltr'><strong>nnus</strong></span> <span class='ocrx_word' id='word_1_640' title='bbox 332 5281 475 5333; x_wconf 80' lang='lat' dir='ltr'><strong>Quounau</strong></span> <span class='ocrx_word' id='word_1_641' title='bbox 487 5281 597 5321; x_wconf 73' lang='lat' dir='ltr'><strong>necrus</strong></span> <span class='ocrx_word' id='word_1_642' title='bbox 613 5279 801 5322; x_wconf 76' lang='lat' dir='ltr'><strong>raiucoauu.</strong></span> <span class='ocrx_word' id='word_1_643' title='bbox 972 5279 1039 5318; x_wconf 89' lang='lat' dir='ltr'><strong>mus</strong></span> <span class='ocrx_word' id='word_1_644' title='bbox 1053 5261 1201 5336; x_wconf 90' lang='lat' dir='ltr'><strong>quomodo</strong></span> <span class='ocrx_word' id='word_1_645' title='bbox 1215 5261 1325 5319; x_wconf 91' lang='lat' dir='ltr'><strong>dictum</strong></span> <span class='ocrx_word' id='word_1_646' title='bbox 1340 5262 1386 5333; x_wconf 92' lang='lat' dir='ltr'><strong>sit,</strong></span> <span class='ocrx_word' id='word_1_647' title='bbox 1400 5279 1437 5319; x_wconf 90' lang='lat' dir='ltr'><strong>ne</strong></span> <span class='ocrx_word' id='word_1_648' title='bbox 1456 5263 1615 5337; x_wconf 86' lang='lat' dir='ltr'><strong>cujuspiam</strong></span> <span class='ocrx_word' id='word_1_649' title='bbox 1639 5265 1717 5338; x_wconf 72' lang='lat' dir='ltr'><strong>regis</strong></span> <span class='ocrx_word' id='word_1_650' title='bbox 1731 5265 1775 5321; x_wconf 82' lang='lat' dir='ltr'><strong>vel</strong></span> 
     </span>
     <span class='ocr_line' id='line_1_56' title="bbox 147 5351 1776 5428; baseline -0.002 -15"><span class='ocrx_word' id='word_1_651' title='bbox 147 5354 266 5413; x_wconf 75' lang='lat' dir='ltr'><strong>Acerba</strong></span> <span class='ocrx_word' id='word_1_652' title='bbox 280 5357 347 5410; x_wconf 84' lang='lat' dir='ltr'><strong>snut</strong></span> <span class='ocrx_word' id='word_1_653' title='bbox 359 5356 422 5410; x_wconf 77' lang='lat' dir='ltr'><strong>hacc</strong></span> <span class='ocrx_word' id='word_1_654' title='bbox 431 5357 574 5428; x_wconf 88' lang='lat' dir='ltr'><strong>tempore,</strong></span> <span class='ocrx_word' id='word_1_655' title='bbox 586 5353 925 5428; x_wconf 78' lang='lat' dir='ltr'><strong>sacerdosoomini‚,qui-</strong></span> <span class='ocrx_word' id='word_1_656' title='bbox 974 5351 1099 5426; x_wconf 88' lang='lat' dir='ltr'><strong>episcopi</strong></span> <span class='ocrx_word' id='word_1_657' title='bbox 1112 5353 1543 5410; x_wconf 83' lang='lat' dir='ltr'><strong>commodarestrisacsenicris</strong></span> <span class='ocrx_word' id='word_1_658' title='bbox 1554 5353 1776 5410; x_wconf 83' lang='lat' dir='ltr'><strong>vestricommo·</strong></span> 
     </span>
     <span class='ocr_line' id='line_1_57' title="bbox 113 5439 1803 5526; baseline -0.005 -24"><span class='ocrx_word' id='word_1_659' title='bbox 113 5445 168 5502; x_wconf 85' lang='lat' dir='ltr'><strong>bns</strong></span> <span class='ocrx_word' id='word_1_660' title='bbox 180 5443 923 5516; x_wconf 69' lang='lat' dir='ltr'><strong>eacuminaudasusquequaquerarescIt.Sedme·</strong></span> <span class='ocrx_word' id='word_1_661' title='bbox 975 5441 1018 5497; x_wconf 89' lang='lat' dir='ltr'><strong>dis</strong></span> <span class='ocrx_word' id='word_1_662' title='bbox 1030 5439 1237 5496; x_wconf 76' lang='lat' dir='ltr'><strong>anteferamus.</strong></span> <span class='ocrx_word' id='word_1_663' title='bbox 1258 5439 1322 5496; x_wconf 88' lang='lat' dir='ltr'><strong>Non</strong></span> <span class='ocrx_word' id='word_1_664' title='bbox 1348 5441 1416 5498; x_wconf 89' lang='lat' dir='ltr'><strong>satis</strong></span> <span class='ocrx_word' id='word_1_665' title='bbox 1436 5441 1542 5515; x_wconf 90' lang='lat' dir='ltr'><strong>quippe</strong></span> <span class='ocrx_word' id='word_1_666' title='bbox 1563 5443 1644 5515; x_wconf 87' lang='lat' dir='ltr'><strong>petet</strong></span> <span class='ocrx_word' id='word_1_667' title='bbox 1667 5443 1776 5507; x_wconf 88' lang='lat' dir='ltr'><strong>utrum,</strong></span> <span class='ocrx_word' id='word_1_668' title='bbox 1799 5506 1803 5526; x_wconf 47' lang='grc' dir='ltr'>Ι</span> 
     </span>
     <span class='ocr_line' id='line_1_58' title="bbox 116 5525 1777 5606; baseline -0.005 -15"><span class='ocrx_word' id='word_1_669' title='bbox 116 5531 925 5606; x_wconf 83' lang='lat' dir='ltr'><strong>mentotallliusquamsemperpromisistis,qunmquea</strong></span> <span class='ocrx_word' id='word_1_670' title='bbox 974 5528 1080 5586; x_wconf 88' lang='lat' dir='ltr'><strong>relictis</strong></span> <span class='ocrx_word' id='word_1_671' title='bbox 1091 5527 1226 5585; x_wconf 86' lang='lat' dir='ltr'><strong>omnibus</strong></span> <span class='ocrx_word' id='word_1_672' title='bbox 1239 5529 1498 5604; x_wconf 72' lang='lat' dir='ltr'><strong>quapossidemus,</strong></span> <span class='ocrx_word' id='word_1_673' title='bbox 1506 5525 1719 5603; x_wconf 85' lang='lat' dir='ltr'><strong>jubeatiesequi</strong></span> <span class='ocrx_word' id='word_1_674' title='bbox 1728 5543 1777 5583; x_wconf 81' lang='lat' dir='ltr'><strong>uos</strong></span> 
     </span>
     <span class='ocr_line' id='line_1_59' title="bbox 116 5615 1778 5694; baseline -0.007 -12"><span class='ocrx_word' id='word_1_675' title='bbox 116 5626 197 5682; x_wconf 76' lang='lat' dir='ltr'><strong>robis</strong></span> <span class='ocrx_word' id='word_1_676' title='bbox 207 5621 439 5681; x_wconf 80' lang='lat' dir='ltr'><strong>conservandam</strong></span> <span class='ocrx_word' id='word_1_677' title='bbox 448 5621 852 5679; x_wconf 76' lang='lat' dir='ltr'><strong>crederemalimdloveatvos</strong></span> <span class='ocrx_word' id='word_1_678' title='bbox 860 5637 926 5678; x_wconf 90' lang='lat' dir='ltr'><strong>mea</strong></span> <span class='ocrx_word' id='word_1_679' title='bbox 976 5635 1009 5677; x_wconf 88' lang='lat' dir='ltr'><strong>ac</strong></span> <span class='ocrx_word' id='word_1_680' title='bbox 1018 5617 1308 5694; x_wconf 78' lang='lat' dir='ltr'><strong>vastrazanquodam</strong></span> <span class='ocrx_word' id='word_1_681' title='bbox 1316 5632 1423 5691; x_wconf 75' lang='lat' dir='ltr'><strong>genere</strong></span> <span class='ocrx_word' id='word_1_682' title='bbox 1431 5618 1568 5693; x_wconf 86' lang='lat' dir='ltr'><strong>loquendi</strong></span> <span class='ocrx_word' id='word_1_683' title='bbox 1579 5635 1629 5692; x_wconf 90' lang='lat' dir='ltr'><strong>spe</strong></span> <span class='ocrx_word' id='word_1_684' title='bbox 1645 5615 1778 5673; x_wconf 88' lang='lat' dir='ltr'><strong>consola·</strong></span> 
     </span>
     <span class='ocr_line' id='line_1_60' title="bbox 111 5701 1780 5796; baseline -0.001 -24"><span class='ocrx_word' id='word_1_685' title='bbox 111 5709 925 5796; x_wconf 65' lang='lat' dir='ltr'><strong>captlriuspredonnmmanustpndscicntemloqnor,</strong></span> <span class='ocrx_word' id='word_1_686' title='bbox 974 5707 1244 5770; x_wconf 82' lang='lat' dir='ltr'><strong>toristanturnnos</strong></span> <span class='ocrx_word' id='word_1_687' title='bbox 1252 5705 1380 5770; x_wconf 81' lang='lat' dir='ltr'><strong>relevare</strong></span> <span class='ocrx_word' id='word_1_688' title='bbox 1393 5701 1780 5790; x_wconf 74' lang='lat' dir='ltr'><strong>vetusmmpctusmier·</strong></span> 
     </span>
    </p>
   </div>
   <div class='ocr_carea' id='block_1_5' title="bbox 0 0 1987 6164">
    <p class='ocr_par' dir='ltr' id='par_1_5' title="bbox 0 0 1987 6164">
     <span class='ocr_line' id='line_1_61' title="bbox 0 0 1987 6164; baseline 0 0"><span class='ocrx_word' id='word_1_689' title='bbox 0 0 1987 6164; x_wconf 95' lang='lat' dir='ltr'><strong> </strong></span> 
     </span>
    </p>
   </div>
  </div>
 </body>
</html>
