3932 6174
81 405 124 466 tte
714 401 917 466 onaobtcolt
929 400 1101 466 VENETUM.
1683 407 1737 466 bib

77 533 145 590 ieret
158 528 322 588 marchiam
336 518 429 602 adire,
444 545 538 604 neque
553 530 671 604 aliquod
684 534 784 590 venale
798 532 918 598 vicie-A
933 531 1082 600 facientes,
1099 541 1207 604 regem
1229 529 1325 604 ipsum
1345 529 1593 590 conlaudaverunt
1606 547 1614 600 ;
1638 529 1739 606 ibique

76 622 124 678 sim
136 620 264 678 rendere
279 622 323 679 rel
342 635 525 694 comparare.
546 620 595 676 llis
610 620 730 694 quidem
745 621 879 694 peractis,
930 621 1093 678 iohannem
1112 618 1278 694 apostolieae
1298 619 1374 676 sedis
1393 618 1552 676 antistitem
1568 618 1739 678 deiuuetum

75 710 172 783 regalis
186 708 309 766 nuncius
322 709 360 766 ad
375 709 525 782 propriam
538 725 668 766 reversus
687 713 739 766 est.
757 711 879 784 Captum
931 710 1061 776 audiens,
1072 708 1739 782 Brunoremsuumridelieetnepotenr,Ottonis

73 815 132 856 uero
141 798 275 871 jurgium
289 815 307 854 a
322 799 394 854 duee
409 797 569 854 diutissime
584 798 761 872 perduravit,
770 800 799 854 in
815 802 878 854 tan·
933 799 1012 855 ducis
1028 798 1131 866 filium,
1148 798 1186 854 ad
1205 799 1280 854 banc
1296 797 1442 870 dignitatis
1461 797 1574 872 apicem
1589 797 1738 870 fastigiare

72 889 130 943 tum
147 886 283 944 videlieet
295 889 327 942 ut
339 901 400 942 non
416 887 510 942 solum
528 887 603 944 illius
615 887 751 943 marchiae
764 889 877 961 peculia
931 887 1080 960 disposuit,
1096 886 1174 959 quod
1188 889 1289 958 postea
1301 885 1466 959 compleuit.
1487 886 1597 944 Deinde
1616 903 1669 958 per
1683 887 1738 944 dr·

72 978 134 1033 salis
156 979 284 1049 egestate
304 979 587 1044 consummerentur,
602 993 703 1032 verum
718 977 807 1032 etiarn
821 978 874 1034 bo·
930 975 1044 1048 ripdani
1059 976 1116 1050 (92)
1133 975 1244 1030 fluenta
1256 974 1370 1047 nauigio
1384 975 1552 1032 Ravennam
1565 975 1662 1031 adivit.
1683 975 1737 1032 Ubi

72 1063 512 1120 ninsssnbsidiistteneticorum
523 1068 663 1140 carentes,
673 1065 830 1122 miserabili
840 1074 875 1109 ¹0⁰
930 1064 1099 1138 aliquandiu
1120 1067 1320 1120 commoratus
1335 1064 1402 1137 tiit),
1420 1064 1532 1122 Redulii
1546 1063 1738 1123 ariminensis

70 1152 231 1210 calamitate
241 1152 484 1226 perpessi,sedule
497 1153 648 1210 addacem
662 1169 775 1228 paoem,
787 1171 875 1228 quam
927 1154 1051 1224 comitis,
1065 1171 1120 1212 nec
1129 1170 1189 1210 non
1203 1153 1387 1223 bermundi,
1403 1156 1489 1227 atque
1501 1153 1546 1210 sui
1557 1153 1661 1210 iratres
1668 1152 1735 1210 tiata

71 1241 206 1315 consequi
221 1257 281 1298 non
297 1241 440 1310 valebant,
455 1240 822 1315 humilitereissagitarent.
927 1244 1041 1312 mundi,
1067 1261 1120 1319 pro
1142 1242 1338 1300 aeclesiarum
1364 1259 1414 1300 seu
1434 1259 1595 1315 pauperum
1620 1240 1736 1314 praediis

101 1331 174 1400 (An.
190 1329 443 1406 memoriisque
454 1330 574 1388 audiens
584 1330 830 1405 Ottonemregem
840 1333 877 1390 ed
928 1327 1734 1406 quoeusurpatapossidebant,oeulos'ejicerejnssitfflioi.

69 1418 180 1474 italiam
194 1421 360 1487 uenturum,
374 1434 477 1490 paoem
491 1433 559 1476 eum
574 1419 720 1492 praedictas
740 1421 877 1478 marchiae
930 1422 963 1492 l).
980 1419 1028 1476 iiis
1042 1420 1168 1476 delinitis
1187 1420 1409 1476 Romulidarum
1425 1423 1566 1492 appetens
1579 1419 1694 1484 urbem,
1704 1419 1737 1479 iu

69 1508 174 1580 populo
186 1507 283 1564 iecere
292 1506 479 1565 diferabatur.
490 1509 769 1566 Tunosuosuuneios
780 1511 876 1568 denuo
928 1525 985 1583 qua
998 1509 1155 1583 apredieto
1166 1510 1477 1581 Brunonespostolico,
1489 1509 1538 1582 qui
1549 1507 1736 1580 postmodum

67 1596 254 1654 Teutonieam
266 1596 383 1652 mittere
400 1596 541 1669 disposuit
555 1596 663 1670 (biert.)
676 1598 726 1671 qui
740 1598 817 1656 inter
829 1601 876 1656 bl-
930 1598 1082 1672 Gregorius
1092 1599 1242 1656 dietusest.
1254 1600 1453 1658 Romanorum
1459 1596 1738 1655 multitudineinter·

70 1684 146 1756 pium
170 1683 318 1742 aniraetus
336 1701 438 1759 regem
451 1687 515 1759 jam
535 1705 553 1744 a
570 1689 698 1744 Ausonia
711 1689 877 1746 venientem
931 1688 1069 1760 pellente,
1082 1691 1185 1744 unctus
1197 1692 1227 1745 et
1236 1692 1419 1744 consecratus
1431 1691 1475 1744 est
1489 1687 1649 1760 imperator
1664 1686 1738 1758 (Μαί

71 1773 279 1846 repperierunt.
300 1775 396 1847 Aquo
412 1775 573 1832 honorifice
590 1777 726 1850 suseepti,
740 1776 878 1852 quiequid
931 1775 1130 1848 tildiinenon
1139 1777 1478 1850 proeuialiomena'urbe
1486 1775 1646 1844 discedens,
1655 1779 1737 1832 utre-

73 1863 146 1918 neias
159 1863 218 1920 suis
236 1863 294 1920 dur
311 1863 436 1921 inimicis
452 1864 590 1922 nutrierat
610 1866 736 1923 libenter
748 1867 875 1936 audirit3
890 1861 916 1922 B
931 1864 1048 1920 missius
1060 1865 1134 1920 illiue
1146 1865 1270 1921 elimatis
1280 1869 1384 1921 aestum
1391 1865 1528 1921 tollerare
1540 1864 1686 1936 quiuisset,
1694 1863 1738 1920 iu·

75 1948 101 2006 in
118 1967 203 2023 super
221 1951 355 2024 promisit
374 1965 525 2026 nunquam
548 1955 678 2028 quolibet
689 1956 778 2013 modo
796 1956 879 2013 iilum
931 1957 976 2010 ter
989 1954 1150 2010 Camerina
1163 1954 1300 2011 marebiae
1321 1955 1400 2026 alpes
1415 1953 1525 2026 aliquid
1538 1955 1737 2011 commoratus

76 2040 263 2112 constringere
288 2041 326 2098 ad
350 2049 454 2114 pacem
474 2042 662 2112 iaciendam,
675 2043 793 2100 interim
816 2045 877 2119 ipse
930 2047 984 2101 est.
996 2044 1186 2100 Postmodum
1202 2060 1255 2117 per
1263 2044 1371 2100 Tuscia
1379 2044 1458 2100 viam
1467 2043 1638 2116 Papiensem
1649 2059 1735 2115 repe-

77 2128 160 2186 reiiat.
174 2129 456 2203 Deindeantequsm
472 2131 562 2187 ltaliae
578 2131 734 2204 planiciem
750 2137 876 2206 peteret,
928 2136 994 2190 tens
1006 2135 1109 2191 urbem
1125 2135 1209 2207 (Aue.
1228 2136 1266 2209 i),
1284 2135 1419 2193 omnibus
1433 2135 1487 2192 sibi
1504 2133 1734 2208 obtemperanti-

77 2216 191 2274 euodem
205 2217 311 2275 ducem
327 2218 402 2275 dulei
414 2233 510 2292 proeee
527 2221 661 2293 rogando
677 2222 874 2292 demandauit,
926 2223 1736 2297 busimposuiteedietum(tibiqueubicumqueinsuolm·

78 2308 104 2358 ut
119 2322 198 2363 snum
214 2310 317 2364 netum
332 2307 426 2364 adhue
442 2307 612 2366 Christianae
634 2309 704 2366 iidei
720 2311 874 2368 conssrma·
926 2311 1007 2385 perio
1021 2313 1150 2386 perventi
1164 2312 1293 2369 Venetici
1308 2313 1416 2382 iorent,
1426 2312 1509 2370 inlesi
1522 2319 1552 2368 et
1563 2313 1625 2370 sine
1637 2312 1735 2384 aliquo

76 2392 872 2478 lionecarentemlieronamsinealiqnamitteretmora3
925 2399 1061 2473 imposito
1088 2401 1256 2474 manamine
1281 2401 1388 2474 degere
1412 2401 1587 2460 debuissent.
1611 2403 1646 2456 Et
1665 2403 1735 2456 tuno

75 2483 206 2552 quoddnx
216 2485 475 2542 suornmiidelium
486 2486 708 2544 oonsilioiaeere
717 2489 872 2562 adquievit.
925 2505 977 2561 per
1001 2489 1197 2548 cummanum
1223 2491 1319 2547 laeum
1345 2490 1402 2546 iter
1425 2488 1547 2563 arripuit
1572 2491 1736 2546 ultramon-

77 2571 160 2628 Puero
182 2573 301 2645 quidem
321 2574 435 2632 Verona
458 2579 597 2648 pervento
620 2575 747 2634 oibeiose
770 2593 874 2650 arege
925 2579 1039 2634 tenum.

76 2665 215 2734 eoseeptus
232 2665 287 2731 est,
301 2679 390 2737 quem
409 2663 572 2721 chrismatis
592 2665 729 2722 unctione
750 2665 874 2740 propriis

76 2750 246 2820 amplexibus
258 2754 436 2809 coarctatum
451 2752 520 2809 ieeit
530 2753 656 2823 munire,
671 2754 812 2810 etamisso
821 2769 872 2826 pa·

75 2837 152 2894 temo
164 2839 296 2908 nomine,
312 2839 389 2910 otto,
399 2841 429 2897 id
443 2845 486 2898 est
500 2859 568 2898 snus
578 2842 751 2915 equivocus,
760 2859 872 2899 nuncu-

74 2927 150 2995 patus
159 2931 211 2985 eet.
221 2928 368 2986 iohannes
382 2929 500 3002 quidem
512 2934 744 3003 prememoratus
759 2931 871 3004 episeo-

70 3027 127 3083 pus,
139 3032 188 3072 seu
198 3015 452 3074 Roeoiarrisianee
459 3017 534 3074 sedis
542 3019 671 3088 antistes,
679 3019 869 3094 numquibus-

70 3100 868 3180 libetaliisadpeeeminberpellendemibiconvenerunt.

69 3187 166 3252 tiuibns
195 3210 247 3250 rex
272 3195 348 3251 bane
373 3195 526 3270 adquirere
551 3195 747 3268 interdicens,
778 3196 871 3254 donee

68 3277 160 3337 domni
180 3282 260 3339 Petri
283 3281 362 3340 ducis
384 3283 504 3356 polliciti
526 3285 625 3342 ierant
647 3284 870 3342 satisfaciendo

66 3370 183 3436 gratiam
196 3385 380 3443 recuperare.
390 3374 510 3446 insuper
523 3375 686 3430 iohannem
701 3374 870 3448 episcopum

66 3453 138 3514 ducis
145 3463 256 3517 terram
271 3477 360 3534 qnam
370 3462 476 3534 injuste
485 3463 661 3536 possidebat,
670 3463 793 3520 reddere
804 3481 870 3520 oum

65 3544 121 3617 lege
130 3549 234 3622 coegit.
246 3551 482 3624 liaoiempestate
489 3552 565 3607 inter
575 3552 784 3610 veronensium
797 3554 872 3610 cives

65 3635 91 3686 et
107 3636 331 3696 Teutonieorum
351 3640 510 3696 exereitum
537 3643 670 3698 exortum
695 3641 791 3698 inerat
806 3644 869 3714 jur·

962 2711 1044 2770 Circa
1064 2711 1272 2789 harenamque
1294 2715 1431 2789 tempora
1455 2716 1627 2775 Creatorem
1645 2711 1734 2790 juder

924 2805 1045 2874 propter
1065 2801 1253 2859 interdictum
1269 2803 1324 2861 sibi
1342 2822 1461 2861 censum
1477 2824 1494 2861 a
1508 2805 1580 2863 duee
1596 2805 1625 2861 in
1642 2805 1733 2861 Vene-

925 2889 997 2946 tieos
1007 2890 1123 2947 lesionis
1131 2893 1294 2949 molestiam
1305 2910 1437 2950 exercere
1450 2897 1571 2950 conatus
1583 2895 1636 2950 est.
1650 2893 1733 2949 Unde

924 2976 1027 3034 domus
1051 2977 1107 3035 dur
1132 2998 1180 3036 sex
1204 2998 1291 3038 naves
1312 2984 1489 3055 preparatus
1511 2981 1578 3037 illue
1603 2981 1733 3053 mittens,

924 3065 1027 3138 quibus
1035 3067 1209 3125 badovarius
1218 3074 1412 3143 cognomento
1424 3069 1604 3144 Bragadinus
1615 3069 1736 3152 proluit.

885 3148 908 3209 C
923 3153 976 3221 oui
993 3174 1082 3213 unam
1097 3157 1213 3215 illorum
1225 3159 1446 3233 civitatemque
1459 3161 1515 3215 issa
1532 3160 1586 3230 195)
1599 3157 1735 3215 nomina-

923 3244 1008 3299 batur
1021 3247 1286 3319 comprehendens,
1302 3248 1451 3322 utriusque
1466 3266 1548 3305 sexus
1557 3249 1684 3321 captivos
1696 3235 1737 3304 ed'

922 3333 1079 3391 Veneeiem
1095 3336 1266 3410 deportavit.
1287 3339 1371 3394 liter
1392 3339 1448 3394 boo
1471 3336 1591 3410 majoris
1609 3335 1668 3393 odii
1683 3353 1732 3393 eu·

922 3421 1035 3478 muium
1048 3422 1125 3480 inter
1138 3425 1289 3481 Venetieos
1300 3428 1330 3481 et
1344 3425 1459 3483 Salaros
1472 3426 1621 3500 pululavit.
1634 3425 1732 3499 Cepe-

922 3514 1047 3584 rnntque
1058 3513 1164 3569 iterum
1176 3530 1295 3570 censum
1305 3514 1463 3587 inportune
1472 3514 1550 3570 ducis
1562 3511 1657 3570 exiere
1666 3511 1732 3586 (96);

922 3597 1026 3672 quibus
1035 3600 1091 3656 dux
1099 3618 1152 3674 pro
1160 3601 1278 3658 illorum
1289 3601 1639 3676 ignominiademandans
1649 3620 1656 3659 t
1666 3597 1733 3660 Nun

64 3719 206 3794 giemsed
213 3725 364 3784 'ieutonioi
374 3745 392 3784 a
401 3727 510 3786 civibus
522 3729 671 3786 interemti
684 3729 869 3803 percivitatis
917 3703 967 3758 per
980 3689 1120 3760 quemlibet
1134 3693 1296 3747 ”mmm
1313 3693 1387 3748 m
1401 3694 1505 3748 mmm
1515 3709 1577 3748 ‘m
1593 3721 1602 3762 ³
1616 3691 1662 3748 Sed
1674 3693 1734 3748 vim

65 3809 185 3879 phthon
200 3815 335 3872 mmmm
348 3817 624 3875 oeeubuerut.lnter
636 3835 709 3892 quos
723 3819 869 3876 nobilissi·
922 3778 1079 3846 comitanti
1098 3779 1170 3835 bene
1179 3779 1386 3852 persolvendam
1407 3781 1543 3838 dationem
1563 3783 1655 3838 uenire
1678 3781 1735 3852 ipse

863 3910 868 3922 .
922 3870 958 3906 ²¹⁰
977 3882 1031 3919 non
1055 3866 1263 3936 detrectatio
1294 3885 1422 3942 namque
1450 3874 1583 3943 tempore
1608 3869 1734 3924 loannes

64 3904 872 4070 ἓξὲξἒίοὲἶΐῶῗέξῗὲὣὶτξζίὲέζιᾙῗὲοῗέι
921 3943 1733 4031 Greeus.Placentinaeccelesioepraesnl,Constaniinopoli

64 4079 186 4144 mium
207 4081 376 4155 reliqum·
399 4082 482 4148 Quod
501 4101 551 4140 m
571 4085 699 4156 graviter
723 4085 819 4142 ulcissi
839 4086 870 4142 in
921 4043 1736 4119 eumGreeorumimperatorislegetoreversus,liomani

921 4130 1020 4188 adivit.
1051 4131 1104 4198 Qui
1134 4133 1205 4190 durn
1230 4135 1423 4208 apostolicam
1445 4135 1557 4206 sedem,
1576 4136 1689 4208 abjecto
1717 4152 1736 4192 a

66 4161 871 4244 ⁰i'ibffld00ffl0fflt·hm⁰⁰⁰j¹¹⁵d⁰m⁰i'it³²i⁵⁰db⁰rti
919 4218 1061 4276 lobannis
1086 4221 1232 4279 Crescenti
1263 4223 1431 4280 temeritate
1459 4225 1589 4296 pastore,
1613 4239 1735 4281 vacuam

66 4261 872 4424 {gffipffiffffissufiffiefflmgffuggssugrfflss
920 4310 1093 4408 repperiret,
1117 4311 1254 4369 invadere
1279 4317 1382 4369 eontra
1408 4313 1559 4385 imperiale
1583 4313 1733 4370 decretum

66 4429 93 4484 ad
104 4433 261 4494 veneciam
276 4438 447 4512 reppedavit
472 4439 552 4496 Tunc
562 4440 689 4496 domnus
699 4441 755 4498 dux
769 4456 871 4512 pacem
881 4437 908 4496 D
919 4399 1043 4456 minime
1055 4399 1234 4457 formidavit.
1251 4401 1405 4474 Gregorius
1420 4417 1498 4471 vero,
1516 4401 1593 4457 illius
1606 4403 1733 4460 eeclesiae

450 4483 457 4499 ⁸
850 4531 855 4541 .
920 4502 1050 4559 sponsus,
1062 4505 1115 4562 per
1124 4489 1619 4564 ltaliaeurbesmerensimperotoris
1629 4508 1731 4563 expec-

67 4515 186 4582 dinucim
214 4525 402 4600 implmtam
429 4528 553 4585 inimiffl
579 4528 712 4600 indulsit'
743 4547 872 4604 quam
921 4575 1012 4631 tando
1028 4576 1184 4632 adveotum
1196 4578 1373 4635 versabatur.
1390 4580 1445 4636 Per
1455 4579 1517 4636 hee
1526 4579 1646 4652 quidem
1660 4583 1733 4637 tem·

922 4677 994 4734 pore
1009 4664 1171 4720 antedictus
1186 4665 1243 4722 dux
1266 4665 1429 4723 iohannem
1448 4683 1532 4723 suum
1546 4667 1640 4724 lilium
1655 4667 1731 4724 Con·

66 4603 192 4671 lobannis
219 4616 345 4690 episcopi
360 4618 495 4674 severitas
511 4619 542 4674 in
558 4618 665 4676 emisso
681 4619 791 4692 praedio
805 4633 871 4692 per·

73 4695 192 4761 tumet.
202 4704 243 4760 Eo
254 4709 511 4779 quoquetempore
523 4709 601 4782 apud
612 4707 776 4765 Rivoaltum
792 4725 871 4766 mor·

69 4785 106 4844 ¹⁵⁰
130 4793 242 4850 mm
270 4793 424 4852 onmem
453 4799 599 4870 ⁸pi⁵⁰⁰p⁰’
619 4797 664 4870 ini
692 4797 872 4897 ⁰pi²⁰⁰p³i¹¹i
921 4839 983 4895 lum
1001 4839 1118 4898 diversis
1129 4843 1292 4900 muneravit
1308 4845 1401 4916 donis,
1415 4862 1517 4902 verum
1533 4845 1622 4903 etiam
1637 4862 1731 4920 aegre·

923 4750 1144 4824 stantinopolim
1159 4754 1323 4824 destinavit,
1336 4772 1423 4829 quem
1438 4756 1599 4828 imperator
1614 4773 1674 4812 non
1688 4773 1732 4814 so·

64 4881 684 4954 iteiuitannis...,suecessitsibiltominieus
694 4903 872 4960 cognomine

68 4960 231 5029 Gredonicae
247 4973 314 5030 otto
327 4974 453 5049 denique
474 4991 524 5031 rer
540 4976 678 5034 Briseiam
695 4981 872 5050 ceterasque

64 5047 141 5116 lette
156 5063 245 5118 urbes
261 5077 434 5135 peragrans,
448 5063 538 5138 Papia
549 5065 666 5121 advenit
681 5065 809 5139 (Aperit).
821 5065 872 5122 Hie
963 5062 1030 5135 (Aa.
1044 5067 1290 5140 eea.)1mperetcr
1301 5065 1443 5140 siquidem
1456 5067 1511 5124 hoo
1521 5068 1736 5141 nequissimum.

63 5135 140 5205 l[elici
150 5151 300 5226 principes
310 5151 401 5208 tidem
413 5169 500 5227 supra
515 5155 734 5226 euangeliorum
747 5155 872 5212 acernis
920 5159 1012 5214 scelus
1026 5173 1043 5213 a
1056 5155 1187 5214 iohanne
1202 5157 1291 5214 Greco
1301 5157 1448 5229 patratum
1459 5172 1525 5213 eum
1538 5155 1660 5225 audiret,
1674 5157 1728 5212 tta·

717 5281 832 5338 VbitlAE
851 5281 1053 5343 LEOEIONES.

98 5367 127 5408 ¹⁰⁸
139 5381 180 5422 m.
195 5367 411 5441 suprascriptum
427 5372 453 5428 i.
498 5378 534 5414 ¹¹⁰
548 5369 609 5444 ipse
623 5373 837 5446 nqrroscriptem
854 5374 880 5428 t.

833 5459 947 5518 NOTAE.

95 5543 148 5612 ter>
162 5543 251 5602 idest
265 5544 396 5602 Eridani.
966 5549 1010 5616 ti)
1022 5548 1086 5606 Non
1102 5551 1204 5606 exstat.

91 5617 143 5744 (9³³
156 5617 190 5673 D.
209 5620 235 5672 t.
249 5617 315 5699 biaii
336 5617 503 5702 Petroduei
520 5622 660 5703 portuum
674 5617 764 5678 trium
783 5618 868 5680 insti·
965 5625 997 5676 eti
1025 5620 1216 5707 ttodiebiesa,

47 5669 123 5743 tue„
144 5686 592 5766 ornmbbertatemrmpertrnt.
955 5693 998 5768 itt
1023 5692 1055 5751 ld
1071 5694 1115 5750 est
1127 5707 1243 5767 ensem.

923 4928 976 5002 giis
988 4927 1147 4988 bonoribus
1161 4931 1338 4990 sublimauit.
