3944 6186
268 352 335 412 lisa
822 345 972 408 doraum
992 339 1195 406 LEODIENSIS
1214 345 1373 406 ertscorl
1801 355 1851 416 llll

264 479 357 537 teneri
372 476 493 544 nollent,
504 473 554 532 sed
564 471 735 548 inapertum
745 474 914 534 certaminis
926 490 1062 546 campum
1078 479 1107 539 A
1117 475 1168 530 sed
1180 475 1241 546 ejus
1251 475 1395 530 inbaerere
1403 473 1583 546 magisterio,
1592 490 1671 548 quarn
1681 474 1777 534 domum
1784 480 1853 538 redire

264 570 341 625 ultro
356 564 537 640 pmsilirent3
553 580 613 621 non
630 563 792 622 desertores
804 580 910 638 pugnae
928 563 1062 637 spiritalis
1115 563 1854 638 maluitsusceptusestabeatoliemacloofficiocissime,

263 655 367 724 effecti,
396 670 450 710 nec
477 653 568 708 instar
593 653 839 710 mercenariorum
867 653 904 708 ad
927 654 1063 725 luporum
1101 655 1143 706 et
1157 652 1225 708 vixit
1237 652 1313 726 apud
1326 669 1393 708 enm
1408 651 1470 707 sine
1479 651 1740 726 offensione,quique
1749 655 1854 713 imbuen-

262 747 446 817 conspectum
461 741 616 815 fugientes,
631 742 682 798 sed
692 742 809 798 fortiter
818 741 1016 814 congressuri3
1028 757 1062 796 eo
1114 741 1166 796 dus
1181 758 1215 797 eo
1232 743 1361 809 venerat,
1371 740 1602 811 compluressnis
1612 742 1857 814 exetnplisadvirtulis

259 837 363 904 sponte
378 848 408 887 se
423 833 600 904 ingerentes,
617 830 666 886 nbi
679 834 728 888 aut
743 831 837 886 rarior
844 833 918 886 esset
928 830 1064 886 adversus
1114 829 1241 884 studium
1257 828 1396 884 incitavit.
1414 829 1542 884 Cernens
1556 827 1586 884 id
1601 811 1856 900 beatusileinaclnspe-
1925 881 1926 906 ,

260 923 357 979 hostes
371 920 545 978 certantium
559 936 708 990 numerus,
725 924 775 976 aut
787 921 841 992 ipsi
855 920 954 975 hostes
971 918 1063 974 acrius
1114 933 1238 990 cumque
1255 918 1387 989 cogitans
1401 933 1436 973 ea
1448 933 1533 973 cansa
1546 915 1660 972 missum
1673 933 1731 974 enm
1744 917 1859 976 fortassisa

260 1008 637 1083 etpropiusimminerent.
656 1008 712 1064 Nec
727 1006 1064 1080 tamenego,lllioli,ho·
1113 1005 1249 1073 Domino,
1265 1005 1378 1077 rogavit
1393 1021 1459 1060 eum
1476 1020 1512 1059 ne
1527 1005 1562 1059 ab
1578 1004 1637 1077 ipso
1649 1004 1858 1062 discederetztun
1925 1065 1926 1068 ,

258 1115 326 1155 rum
337 1098 409 1156 mini
423 1097 559 1155 virtutem
573 1113 689 1170 arrogo,
706 1113 826 1152 nonme
844 1096 959 1152 illorum
975 1095 1063 1150 meri·
1114 1097 1270 1165 propterea
1283 1093 1432 1149 obiratres
1444 1092 1633 1165 indisciplina
1644 1094 1859 1158 continendosiltl-
1925 1087 1926 1096 ’

259 1188 295 1244 tis
310 1204 411 1262 parem
426 1190 537 1243 temere
556 1202 663 1243 assero.
678 1185 760 1250 Quod
775 1185 880 1240 sivero
895 1184 1063 1240 successoris
1113 1182 1313 1238 mundariensi
1326 1181 1470 1250 coenobio,
1484 1181 1564 1253 cujus
1579 1183 1859 1238 monochromatis

258 1277 516 1332 nomenferrenon
526 1272 655 1346 potestis,
668 1273 778 1330 sitsane
787 1273 959 1346 cooperator
969 1287 1059 1327 meus.
1113 1270 1243 1327 instituto
1258 1270 1484 1340 vivebant,salva
1494 1271 1861 1343 inomnibusauctoritatesua,
1925 1257 1926 1320 t

257 1365 356 1437 Neque
368 1380 416 1420 me
428 1361 535 1436 putetis
560 1361 598 1432 [a]
623 1361 703 1418 vobis
727 1360 878 1418 absentem
902 1361 975 1430 fore,
1001 1361 1061 1433 qui,
1113 1375 1180 1414 enm
1194 1358 1334 1430 praefecit.
1349 1361 1442 1432 Atque
1458 1358 1526 1414 inde
1549 1357 1695 1416 Stabulaus
1714 1361 1859 1431 revennati

257 1453 373 1510 tametsi
386 1452 424 1507 ad
439 1452 510 1507 alios
535 1450 729 1506 instituendos
753 1450 929 1522 proficiscor,
949 1465 1009 1504 non
1022 1453 1062 1506 ta·
1111 1448 1226 1519 majora
1240 1447 1379 1504 virtutum
1394 1464 1484 1519 opera
1495 1465 1525 1502 se
1543 1447 1672 1516 accinxit,
1684 1449 1781 1521 suisque
1793 1464 1860 1502 eren·

258 1557 328 1597 men
352 1544 432 1597 extra
452 1540 528 1596 hanc
550 1539 697 1596 dioecesim
719 1555 883 1596 excessurus
907 1554 981 1594 sum.
997 1538 1060 1595 Non
1111 1536 1166 1608 plis
1180 1539 1341 1608 permultos
1354 1536 1391 1592 ed
1406 1536 1449 1591 sui
1463 1535 1657 1592 imitationem
1672 1537 1799 1608 pertraxit.

257 1631 344 1702 longe
359 1629 466 1685 avobis
481 1629 569 1684 abero
584 1644 591 1683 ε
607 1627 705 1700 siquis
717 1643 797 1684 casus
808 1627 947 1694 evenerit,
963 1626 1060 1682 licebit
1145 1626 1208 1680 lllX.
1222 1625 1289 1690 Quis
1302 1624 1379 1698 apud
1395 1625 1478 1680 illum
1500 1623 1648 1680 tristitiam
1669 1619 1860 1681 non'mutsvitir
1925 1629 1926 1646 ι

257 1717 367 1775 ιοιιιιιιι
379 1733 465 1774 causa
479 1716 517 1772 ad
530 1733 579 1772 me
594 1716 750 1785 accedere;
767 1716 815 1772 nbi
826 1720 856 1771 ιι
870 1715 1058 1788 propeccatis
1110 1713 1273 1787 gaudium?
1289 1713 1358 1778 Quis
1373 1713 1448 1768 iram
1461 1711 1553 1768 animi
1569 1713 1764 1785 tranquillitate
1782 1716 1805 1768 et
1815 1729 1861 1784 pare

256 1806 357 1863 vestris
377 1807 608 1872 intercessorem,
634 1807 663 1860 et
685 1804 818 1861 omnium
832 1820 897 1876 quse
912 1803 991 1860 vobis
1005 1819 1057 1860 ne·
1071 1799 1168 1862 Bnon
1184 1801 1319 1875 depulit?
1335 1801 1403 1867 Quis
1412 1801 1662 1858 orbitatislnctum
1675 1801 1708 1857 ad
1720 1803 1772 1873 ejus
1780 1817 1863 1873 conspe

255 1895 377 1952 cessaria
390 1895 458 1962 sint,
474 1909 596 1967 quaeque
610 1909 660 1950 vos
670 1897 793 1966 angant,
813 1895 894 1948 tanto
909 1890 1058 1948 sollicitius
1108 1893 1187 1947 ctum
1202 1907 1260 1947 non
1276 1891 1424 1947 cohibuit?
1441 1891 1509 1957 Quis
1523 1908 1595 1960 non,
1609 1895 1765 1964 paupertate
1775 1908 1863 1964 pressu,

254 2000 419 2040 memorem
431 1982 585 2052 habebitis,
603 1984 711 2055 quanto
726 1999 776 2038 ero
791 1981 895 2038 acuris
913 1981 1058 2054 populari·
1108 1979 1169 2052 ejus
1193 1981 1376 2036 sermonibus
1399 1981 1440 2036 ita
1462 1980 1626 2037 sublevatus
1643 1985 1693 2048 est,
1709 1984 1737 2035 ul
1752 1983 1776 2035 ιι
1794 1979 1861 2034 divnn

252 2071 307 2130 bns
320 2072 472 2142 remotior,
488 2075 517 2128 et
532 2069 688 2144 propterea
700 2068 844 2127 addivina
854 2071 1055 2143 contemplan·
1108 2085 1176 2144 opes
1191 2070 1361 2143 despiceret,
1377 2072 1407 2125 et
1430 2087 1482 2126 sua
1510 2069 1610 2143 inopia
1635 2071 1772 2126 letaretur
1783 2068 1794 2124 i
1806 2067 1861 2132 duis,

253 2161 291 2218 da
302 2161 462 2234 expeditior
472 2164 501 2216 et
515 2158 681 2216 studiosior.
700 2158 775 2214 Olim
785 2159 893 2232 Moyses
909 2156 940 2214 iu
954 2162 1054 2214 monte
1105 2158 1239 2214 laborum
1255 2174 1343 2214 onere
1358 2162 1565 2230 pregravatus,
1582 2159 1643 2232 ejus
1658 2175 1715 2215 non
1735 2161 1773 2213 est
1788 2157 1862 2212 adhor-

252 2251 357 2320 stabat,
373 2252 413 2319 et,
428 2250 515 2306 lsrael
532 2265 597 2304 cnm
613 2246 799 2303 amalechitis
814 2250 977 2320 pugnante,
994 2263 1053 2302 non
1104 2245 1357 2304 tationeerectusf
1372 2247 1440 2313 Quis
1450 2247 1628 2318 adolescens,
1637 2243 1866 2304 sevientislihidinis

251 2337 340 2394 armis
354 2338 404 2394 sed
416 2336 549 2409 precibus
563 2334 704 2402 certabat,
717 2334 920 2406 efficiebatque
933 2337 1051 2391 uttanlo
1102 2350 1171 2409 igne
1186 2352 1351 2402 succensus,
1362 2353 1422 2392 non
1431 2337 1598 2406 confestim,
1610 2337 1648 2393 ad
1661 2337 1719 2408 ejus
1729 2332 1866 2392 admonitio
1925 2365 1926 2370 κ

252 2429 326 2482 ιιιιι
352 2425 382 2481 in
406 2423 542 2480 conflictu
565 2421 739 2479 Israeliticns
759 2423 883 2494 populus
909 2421 1051 2495 superior,
1102 2421 1862 2498 nemsaluberrimam,pudicitiaecultorexstitit‘lGuru-

251 2516 360 2587 qnanto
375 2513 436 2586 ipse
456 2513 515 2568 lieo
541 2510 571 2566 in
598 2511 729 2567 oratione
748 2509 949 2583 propinquior,
978 2514 1053 2568 eta
1102 2512 1466 2569 batveratosadotmonio
1483 2531 1490 2569 ι
1505 2513 1613 2570 illicitis
1627 2511 1864 2586 cogitationibusas·
1925 2547 1926 2582 ,

250 2602 371 2675 strepitu
386 2600 581 2675 preliantium
598 2597 748 2655 remotior.
765 2599 799 2655 Et
813 2597 896 2662 mibi,
920 2599 1051 2655 cbarissi·
1102 2604 1218 2657 tuentes
1233 2602 1269 2656 ab
1286 2617 1375 2675 opere
1389 2602 1467 2658 malo
1489 2603 1668 2666 retrahebat,
1682 2602 1778 2658 docens
1790 2613 1829 2654 eos
1843 2594 1868 2650 ιι

250 2689 302 2759 mi,
314 2689 507 2746 deliberatum
521 2691 563 2744 est
575 2687 744 2744 illicdivinot
759 2687 997 2760 contemplationi
1009 2692 1051 2743 at·
1102 2693 1217 2763 petram
1233 2689 1377 2746 Christum
1390 2691 1520 2746 allidere.
1538 2691 1663 2747 Noverat
1672 2706 1725 2763 quo
1735 2687 1868 2762 quisquela·

248 2779 358 2836 tentius
372 2779 525 2846 inherere,
542 2777 592 2833 ubi
606 2794 653 2832 me
675 2778 825 2833 seculares
843 2778 983 2832 tumultus
998 2777 1053 2832 mi·
1103 2779 1221 2835 boraret
1234 2779 1348 2847 morbo,
1362 2781 1402 2846 et,
1415 2795 1450 2835 ex
1462 2779 1527 2835 vitae
1540 2780 1654 2836 meritis
1667 2779 1785 2851 singulos
1802 2771 1869 2829 ιιιιιι·

249 2869 328 2926 nime
345 2867 552 2924 interturbent.
568 2867 609 2922 Ad
630 2866 706 2922 hane
720 2882 785 2921 rem
800 2882 847 2922 me
863 2864 964 2922 incitat
983 2867 1053 2922 bea·
1103 2883 1198 2936 mens,
1214 2883 1266 2939 pro
1282 2867 1395 2923 ratione
1407 2868 1579 2924 morborum
1594 2863 1869 2936 adhibebatrepreben-

249 2961 295 3014 tus
311 2959 437 3014 loannes
462 2955 599 3028 baptista,
615 2954 663 3028 qni
684 2953 773 3010 etiam
794 2954 823 3010 in
845 2958 946 3012 tenera
968 2958 1052 3011 aetate
1103 2955 1208 3012 aiones.
1218 2958 1332 3012 interea
1342 2956 1492 3012 crescebat
1508 2957 1549 3011 illi
1560 2957 1651 3012 divini
1663 2955 1764 3011 amoris
1773 2951 1868 3008 studium

249 3047 354 3104 maluit
368 3045 445 3101 inter
467 3044 544 3101 feras
566 3045 683 3118 degere,
713 3045 742 3098 et
761 3060 862 3099 earnm
883 3043 947 3099 cibo
968 3043 1052 3112 vesci,
1104 3046 1133 3099 ιι
1144 3044 1241 3112 ardor,
1254 3044 1479 3116 monasticaeque
1495 3043 1655 3117 disciplinae
1670 3045 1745 3116 rigor
1757 3037 1867 3095 inflexibi-

249 3151 338 3210 quam
354 3135 431 3208 apud
443 3150 509 3189 suos
533 3149 654 3189 manere
672 3130 758 3202 cives,
774 3131 868 3186 nevel
885 3131 977 3187 otioso
997 3147 1054 3186 ser·
1070 3093 1146 3188 Clis.
1161 3133 1253 3198 Quem
1269 3150 1336 3190 vero
1352 3134 1381 3189 in
1397 3133 1508 3188 caeteris
1520 3139 1583 3206 ejus
1599 3130 1761 3190 monasterii
1775 3124 1871 3184 olilcinis

249 3239 338 3280 mone
348 3239 378 3278 se
388 3219 612 3278 contaminaret.
630 3219 733 3276 Habeo
750 3218 839 3275 etiarn
863 3219 900 3274 ad
922 3219 997 3274 hanc
1010 3218 1053 3274 vi·
1104 3221 1199 3277 omnis
1209 3221 1296 3277 fuerit
1307 3221 1446 3294 peccandi
1462 3221 1621 3279 interdicta
1631 3223 1756 3288 facultas,
1770 3216 1833 3272 testis
1844 3214 1872 3267 est
1925 3225 1926 3236 ¹

250 3317 311 3370 tam
328 3309 597 3384 egreginmducem
618 3309 744 3380 Moysen,
762 3307 806 3364 cui
833 3307 1053 3380 optatnsluitin
1103 3311 1239 3366 velsolus
1260 3309 1425 3366 dormitorii
1452 3311 1551 3379 locus;
1576 3311 1658 3366 testis
1682 3310 1725 3364 est
1743 3311 1769 3362 ιι
1788 3305 1872 3360 sanctu
1925 3327 1926 3372 1

249 3397 547 3457 vestaeremodivinis
559 3396 615 3453 frui
628 3395 788 3469 colloquiis,
802 3412 891 3467 quam
906 3395 1051 3468 AEgyptio·
1104 3400 1285 3467 Lambcrlus,
1299 3399 1459 3471 qui,esna
1473 3400 1572 3470 pulsus
1585 3399 1667 3468 sede,
1681 3415 1714 3454 ιο
1728 3393 1872 3469 potissimum
1925 3423 1926 3428 κ

249 3487 424 3560 rumopibus
432 3485 575 3541 etdeliciis
582 3484 724 3540 enervari.
743 3484 816 3539 Elias
829 3500 944 3557 quoque
957 3487 986 3539 et
1001 3484 1055 3539 Eli·
1103 3487 1244 3560 confugit,
1260 3488 1338 3560 quod
1353 3504 1412 3543 non
1427 3491 1501 3543 ιιιιι
1515 3487 1630 3544 nescius
1642 3487 1698 3542 illio
1720 3485 1761 3542 vel
1778 3479 1872 3537 maritos
1925 3461 1926 3488 ¹

251 3571 738 3646 sensumteriqueprophetae,studio
749 3571 1001 3644 contemplationis
1012 3572 1055 3627 in·
1103 3578 1209 3634 sanctas
1225 3576 1375 3648 religionis
1390 3577 1487 3648 vigere
1500 3576 1633 3646 cultum,
1649 3574 1727 3632 testis
1738 3585 1834 3646 qnoque
1845 3568 1872 3621 ιιι

250 3664 358 3738 signes,
367 3662 455 3719 etiam
470 3677 553 3734 reges
563 3657 908 3726 domueruntnbraham,
920 3660 1053 3717 omnium
1102 3682 1173 3722 crux
1186 3665 1311 3737 lapidea,
1325 3663 1363 3721 ed
1372 3665 1505 3737 quamob
1518 3652 1871 3737 strepitumlabentiscalcei,

250 3756 334 3828 pater
346 3751 527 3808 credentium
542 3750 598 3806 ilde
611 3748 739 3818 effectus,
754 3749 810 3804 huc
825 3764 873 3804 me
885 3748 943 3805 invi
950 3751 1053 3817 tat,cu-
1103 3771 1159 3828 quo
1174 3754 1299 3809 fratrum
1315 3753 1397 3826 quies
1409 3753 1464 3809 suit
1479 3753 1656 3827 interrupta,
1666 3754 1707 3809 ire
1715 3753 1803 3825 jussus
1813 3745 1872 3802 nouit

248 3842 456 3916 jusiamantea
466 3843 579 3896 secutus
591 3839 946 3910 exemplum,contempto
962 3837 1052 3894 natali
1103 3843 1209 3912 media,
1226 3859 1316 3915 nsque
1332 3843 1361 3897 in
1377 3843 1581 3915 crepusculum
1597 3843 1651 3899 sub
1667 3843 1715 3898 illa
1728 3839 1807 3905 stetit,
1819 3831 1870 3907 psal·

250 3931 323 3999 solo,
336 3947 382 3986 res
389 3930 594 4000 facultatesque
605 3943 707 3984 omnes
717 3925 953 3999 abjeciltenique
965 3926 1052 3998 ipsius
1101 3932 1263 4005 modiaeque
1275 3935 1304 3988 et
1319 3932 1460 4004 praecibus
1483 3948 1600 4000 vacans,
1619 3934 1707 4005 atque
1732 3929 1813 4001 frigus
1825 3937 1871 3978 con·

250 4019 368 4080 nomini
379 4016 535 4076 Salvatoris
550 4017 682 4089 exemplo
697 4021 849 4090 provocor,
860 4015 920 4088 qui,
932 4031 997 4070 eum
1013 4017 1053 4071 ts
1102 4025 1246 4088 temnens,
1262 4022 1292 4075 et
1307 4020 1385 4076 nives
1397 4021 1521 4088 edesus,
1532 4022 1696 4078 sanctitatis
1710 4011 1871 4076 suaserun-

250 4109 370 4169 terrimo
385 4109 468 4164 hoste
489 4105 684 4173 conflicturus,
701 4103 844 4160 solitarius
864 4103 901 4159 ad
919 4119 1051 4159 eremum
1102 4107 1177 4165 dicia
1188 4106 1276 4164 dedit.
1292 4107 1349 4164 Sed
1365 4109 1401 4165 de
1414 4108 1460 4164 his
1472 4108 1552 4164 alias.

249 4201 384 4260 abscessit
412 4197 497 4270 Cujus
509 4193 706 4252 misericordia
720 4191 1051 4266 etbenignitateutinam
1136 4197 1187 4254 llll.
1209 4197 1298 4253 Porro
1322 4200 1420 4254 autem
1451 4200 1599 4254 crescente
1625 4197 1764 4271 religione
1786 4201 1872 4248 crevere

249 4292 301 4348 flat
313 4295 345 4347 ut
357 4291 387 4345 et
401 4304 455 4361 ego
471 4285 527 4342 illie
542 4281 669 4356 improbi
683 4281 775 4338 hostis
788 4280 904 4338 fraudes
919 4284 1052 4354 protere·
1102 4285 1414 4342 etiamEcclesiaeillins
1423 4289 1590 4359 proventus.
1606 4286 1662 4343 Ubi
1678 4285 1755 4342 enim
1765 4299 1807 4339 rea
1817 4277 1874 4347 Siga

249 4397 292 4448 re,
303 4379 340 4435 de
352 4377 409 4433 illic
428 4372 612 4432 instituendis
625 4373 705 4428 lucra
729 4372 891 4439 cumulare,
907 4372 936 4425 et
950 4373 1051 4426 vestrm
1065 4352 1199 4432 libertus
1214 4372 1399 4432 eumaudivit
1409 4373 1534 4430 fratrum
1553 4375 1702 4432 fervorem
1721 4388 1785 4446 erga
1796 4361 1874 4424 Christi

249 4457 1049 4536 salutimeisprecibusaliquidutilitatisadferrequearnl
1101 4467 1221 4532 cultum,
1246 4464 1365 4520 beatum
1392 4464 1562 4521 Remmium
1584 4481 1720 4534 evocans,
1744 4461 1833 4536 praeter
1850 4466 1874 4506 ιι

249 4559 290 4613 ιιι
300 4555 401 4612 beatus
416 4550 813 4608 Remasslss³d010r⁰⁸⁵¹1⁰fflm
828 4547 937 4616 lenivit,
945 4551 974 4602 θῑ
981 4564 1052 4620 (1¹¹0-
1102 4573 1165 4630 quae
1181 4555 1260 4628 prius
1274 4553 1405 4622 dederat,
1412 4557 1442 4611 et
1452 4554 1494 4610 vir
1502 4554 1713 4612 illustrissimus
1724 4544 1872 4609 Grimoattus

247 4645 389 4703 rimonias
401 4641 521 4716 sedavit,
537 4656 570 4697 ac
590 4639 694 4695 deinde
710 4655 760 4694 sno
789 4637 914 4711 perrexit
935 4637 1049 4694 itinere.
1102 4645 1277 4712 obtinuerat,
1288 4635 1370 4699 'unde
1385 4643 1475 4699 etiam
1489 4645 1632 4702 haetenus
1647 4643 1752 4701 fratres
1762 4635 1872 4696 inomni,

282 4734 374 4792 xvsti.
384 4735 540 4804 Postquam
549 4732 647 4785 eutem
656 4743 741 4784 earos
750 4726 878 4784 innotuit
888 4730 951 4782 tum
959 4743 1051 4801 prope
1102 4749 1290 4790 exconsensu
1317 4732 1448 4788 fidelium
1470 4748 1601 4801 suornm,
1618 4729 1679 4790 tam
1707 4731 1874 4804 episcoporum

126 4829 133 4844 ¹
247 4828 311 4882 tum
335 4822 435 4897 procul
463 4817 635 4893 degentibus
658 4815 800 4889 religiosis
824 4813 902 4883 viris,
925 4831 1051 4887 quorum
1101 4839 1190 4896 qnam
1205 4807 1875 4894 procerumsupradictorum,inbonoramfteiet

247 4911 322 4973 usus
336 4912 449 4970 animos
464 4908 618 4984 permovit,
630 4910 781 4982 coeperunt
798 4901 926 4978 undiquc
939 4905 1049 4962 adeum
1100 4912 1210 4966 cultum
1223 4913 1389 4965 sanctorum
1413 4909 1491 4964 Petri
1510 4912 1540 4965 et
1561 4909 1644 4965 Pauli
1665 4906 1844 4982 apostolorum
1856 4897 1875 4947 el

248 5021 298 5062 seu
313 5019 381 5076 apes
391 4999 429 5057 ad
442 5000 568 5057 alvearia
582 4998 739 5064 confluere,
758 4993 891 5052 nonnulli
908 5011 937 5050 se
953 4995 1050 5050 omni·
1100 4999 1178 5056 beati
1188 4998 1318 5054 Martini:
1336 4997 1556 5070 quibusealoca
1566 4997 1760 5063 dicatam-snt,
1770 4981 1875 5064 permisit

245 5092 373 5167 potentis
381 5089 433 5147 Dei
440 5084 811 5154 servitutiaddicere,etlevi
820 5083 1048 5156 Salvatorisjugo
1099 5088 1184 5144 beato
1199 5086 1335 5142 Remaelo
1350 5088 1381 5142 nt
1395 5084 1425 5141 in
1441 5101 1506 5140 usus
1517 5101 1669 5141 servorum
1681 5084 1741 5151 Dei,
1752 5096 1803 5154 qno
1814 5073 1875 5130 dein·

247 5185 321 5240 oolla
334 5196 510 5256 supponere,
527 5177 648 5251 quidam
663 5175 770 5231 liberos
786 5188 852 5228 suos
870 5171 1048 5240 liberalibus,
1099 5193 1165 5250 ceps
1180 5173 1302 5247 quietius
1317 5173 1482 5228 viverentet
1494 5173 1767 5246 absquevicinorum
1778 5170 1874 5238 inpres-

243 5273 377 5329 imovero
384 5264 729 5327 monasticisimbuendos
737 5260 1049 5334 disciplinisatqueillic
1099 5266 1180 5322 sione
1189 5262 1242 5319 soli
1257 5263 1315 5317 lieo
1325 5261 1445 5317 liberius
1456 5265 1603 5330 vacarent,
1617 5279 1672 5335 per
1680 5260 1815 5330 utriusque
1826 5264 1873 5306 mo·

244 5360 356 5418 Christo
367 5358 510 5433 perpetim
518 5353 671 5412 servituros
680 5351 794 5420 otierre;
805 5349 888 5406 multi
898 5350 1047 5407 dosuisla·
1099 5350 1218 5412 nestorii
1233 5349 1385 5406 circuitum
1399 5349 1553 5406 duodecim
1567 5351 1660 5406 leucae
1670 5343 1873 5432 designarentnp,

243 5449 397 5506 saltatibus
406 5453 435 5505 et
445 5445 584 5504 reditibus
591 5440 1045 5500 sanctisnecessariaministrare.
1099 5443 1176 5499 intra
1191 5456 1316 5515 quornm
1327 5438 1435 5495 limites
1449 5439 1588 5512 quidquid
1600 5439 1764 5504 baberetur,
1777 5431 1808 5488 ab
1821 5425 1873 5481 s⁰l¹³

242 5541 321 5596 luter
336 5554 407 5610 (1⁰⁰⁵
422 5537 511 5594 eliam
525 5533 667 5592 D⁰mi¹¹¹1⁸
679 5535 708 5588 Θῑ
722 5529 1046 5602 ΡιιθιΡᾶΡῦῙθῠιιὸιαῐη
1099 5531 1246 5604 utriusque
1260 5528 1383 5586 coenobii
1399 5527 1508 5584 colonis
1522 5528 1712 5583 excoleretur.
1724 5521 1821 5580 Dicitur
1832 5527 1872 5568 ott·

242 5628 415 5704 babolenus]
430 5627 468 5686 ad
481 5641 561 5696 eum,
572 5621 714 5682 invisendi
725 5620 946 5696 quidemoausa,
956 5621 1047 5697 venit,
1097 5621 1253 5688 temleuca
1266 5615 1343 5696 apud
1355 5617 1448 5676 Gallos
1470 5617 1595 5694 spatium
1619 5617 1701 5674 milla
1721 5607 1869 5688 qdngsnto
