4022 6188
811 319 993 388 annulatis
1016 321 1186 396 annosis
1205 323 1368 387 annana.

409 583 968 741 canaonas
1011 581 1767 738 arraonansrs

967 855 1199 944 CHARTA

705 1019 881 1080 Nonnulla
895 1019 1060 1079 Beruenst
1077 1019 1228 1078 coenobio
1243 1017 1463 1090 consuestis.

805 1143 888 1216 (Gall.
903 1143 1018 1210 Christ,
1032 1142 1047 1198 Ι
1051 1143 1085 1213 V,
1100 1144 1244 1217 Append,
1262 1149 1292 1214 p'.
1309 1145 1380 1216 138.)
1448 1182 1452 1191 ·

300 1399 491 1456 considerans
506 1414 560 1470 ego
580 1397 806 1472 Lingonensium
814 1399 909 1452 Branc
922 1395 1108 1470 episcopusA
1122 1400 1307 1469 peccatorum
1324 1395 1495 1452 remissione
1515 1413 1602 1469 quam
1623 1396 1664 1454 ibi
1689 1395 1837 1453 deberent
1857 1399 1928 1453 acci-

265 1487 351 1544 olflcii
368 1487 427 1543 mei
446 1487 655 1560 negligentiam
677 1487 706 1542 in
724 1485 947 1541 damnationem
967 1485 1071 1540 animae
1122 1500 1203 1555 pere,
1223 1484 1447 1540 frustrabantur.
1460 1483 1583 1540 Veniant
1608 1485 1698 1557 igitur
1724 1485 1775 1542 illo
1800 1489 1930 1559 ternpore

267 1591 341 1631 meae
355 1575 469 1639 cadere,
480 1575 564 1648 juxta
573 1591 672 1631 sensus
693 1574 751 1630 mei
777 1574 899 1630 modum
926 1572 1072 1630 elaboravi
1124 1575 1242 1640 statuto,
1257 1575 1286 1627 et
1301 1573 1336 1628 de
1352 1573 1477 1644 peccatis
1487 1573 1543 1628 suis
1558 1574 1673 1629 veniam
1688 1573 1886 1647 postulantes,
1897 1575 1929 1631 ab

266 1663 391 1720 ecclesiis
413 1663 530 1720 Domini
555 1664 718 1736 provisores
739 1662 867 1730 elflccre,
899 1661 958 1734 qui,
984 1661 1014 1716 in
1031 1661 1073 1717 eis
1123 1661 1163 1716 eis
1178 1676 1302 1733 quorum
1315 1661 1420 1733 linguae
1436 1662 1528 1717 claves
1541 1661 1602 1718 coeli
1612 1661 1697 1718 factae
1708 1665 1789 1728 sunt,
1804 1679 1824 1717 a
1836 1680 1932 1719 mona

266 1753 410 1806 talentum
433 1751 515 1808 Verbi
531 1751 619 1807 divini
640 1750 875 1813 disseminantes,
889 1765 1004 1806 mecum
1020 1766 1072 1822 pa·
1125 1749 1185 1805 cbis
1201 1749 1257 1804 illic
1277 1749 1335 1803 ileo
1361 1749 1562 1818 servientibus,
1578 1750 1613 1805 de
1639 1751 1735 1805 salute
1761 1751 1930 1806 animarum
2006 1777 2007 1804 l

266 1839 338 1895 riter
352 1840 388 1896 de
403 1856 437 1895 eo
462 1839 515 1912 ipsi
540 1839 664 1896 Domino
687 1841 704 1894 J
708 1857 756 1896 esu
774 1839 886 1895 Christo
902 1841 1015 1895 lucrum
1030 1854 1073 1893 rs·
1125 1853 1242 1894 suarum
1255 1838 1408 1900 admoniti,
1419 1839 1495 1894 lacta
1510 1839 1702 1907 absolutione,
1714 1841 1746 1894 et
1760 1839 1834 1894 data
1846 1841 1932 1896 bene-
2006 1847 2007 1902 ξ

267 1930 417 2000 portantes
429 1932 547 1985 aeternae
562 1929 626 1983 vitae
645 1928 883 1984 remuneratione
900 1928 1071 1983 ditarentur.
1125 1924 1261 1991 dictione,
1278 1925 1336 1979 loeti
1349 1929 1531 1981 revertantur
1546 1925 1576 1981 in
1588 1942 1670 1998 pace,
1696 1931 1755 1982 etc.
1777 1928 1858 1983 arnt
1874 1929 1927 1983 hcc
2006 1935 2007 2000 j

268 2015 350 2073 Volui
362 2015 451 2088 igitur
463 2017 729 2073 ecelesiaeBesuensi
741 2016 882 2071 domnum
889 2015 1071 2070 Guillelmum
1126 2030 1179 2085 per
1192 2014 1296 2068 saecuta
1310 2013 1511 2068 inconvulsum
1530 2017 1711 2086 permaneat,
1731 2030 1826 2070 manu
1840 2021 1935 2072 nostra

268 2105 366 2160 virum
377 2103 627 2176 religiosissimum
641 2105 775 2160 abbatem
791 2119 925 2176 praeesse,
936 2102 994 2174 qui,
1004 2102 1074 2157 dum
1125 2103 1225 2156 subter
1235 2101 1415 2157 firmavimus
1425 2107 1454 2158 et
1464 2104 1497 2158 ut
1516 2119 1533 2158 a
1552 2103 1687 2175 pluribus
1699 2103 1877 2160 firmaretur
1891 2122 1934 2160 ro·

270 2193 300 2248 in
317 2208 352 2247 ea
376 2196 479 2248 cuncta
493 2193 665 2264 regulariter
689 2209 722 2248 ac
739 2192 872 2264 religiose
896 2191 1072 2263 disponeret,
1124 2190 1263 2262 gavimus.
1280 2189 1309 2246 S.
1324 2191 1465 2247 Brunonis
1480 2191 1615 2263 episcopi.
1632 2190 1661 2246 S.
1683 2191 1837 2247 Guillelmi
1849 2193 1936 2250 abba-

271 2280 436 2354 intelligens
450 2281 569 2352 propria
584 2281 613 2336 in
627 2281 801 2353 quibusdam
816 2297 875 2334 non
902 2279 971 2334 satis
997 2279 1075 2333 suru—
1125 2278 1161 2333 tis
1185 2279 1214 2334 S.
1232 2279 1376 2334 lamberti
1386 2279 1543 2352 prepositi.
1555 2279 1705 2337 S.Geraldi
1717 2281 1929 2338 archidiaconi.

270 2383 346 2441 ecre,
360 2369 490 2440 quaesivit
500 2369 536 2423 ab
551 2369 669 2425 ecclesia
690 2367 865 2440 Lingonensi
881 2367 1008 2424 ecclesiae
1021 2368 1073 2420 Be·
1126 2367 1155 2423 S.
1168 2365 1301 2421 Teudrici
1307 2365 1518 2425 archidiaconi.
1531 2367 1560 2423 S.
1572 2369 1716 2424 Bruncnis
1724 2370 1935 2426 archidiaconi.

273 2457 369 2512 suenci
386 2455 495 2527 aliquid
510 2457 546 2511 ad
561 2456 709 2512 luminarii
721 2472 792 2527 opus
802 2454 939 2510 conferri.
952 2455 1077 2526 Cognos-
1126 2457 1155 2511 S.
1171 2454 1302 2511 'landrici
1321 2455 1526 2512 archidiaconi.
1552 2457 1582 2513 S.
1596 2457 1743 2513 'leudonis
1769 2459 1937 2516 archiclavi.

273 2543 448 2615 consitaque
461 2543 594 2615 petitioni
607 2543 660 2598 viri
674 2542 790 2608 Domini
806 2559 865 2598 non
882 2559 942 2598 esse
957 2545 1077 2598 contra·
1127 2543 1157 2600 S.
1180 2543 1307 2598 Widonis
1333 2544 1539 2602 archidiaconi.
1569 2545 1599 2601 S.
1621 2545 1740 2603 Amelii.
1760 2545 1793 2602 S.
1814 2545 1939 2602 Widonis
2006 2539 2007 2544 ’

273 2631 440 2699 dicendum,
461 2647 527 2686 cum
549 2630 668 2686 consilio
682 2631 769 2686 totius
784 2631 899 2703 capituli
911 2629 1076 2702 Lingoncn-
1090 2649 1115 2728 B
1130 2631 1298 2704 presbytcri.
1315 2631 1343 2687 S.
1358 2631 1464 2688 Giraldi
1482 2633 1687 2706 hypodiaconi.
1709 2637 1741 2691 S.
1762 2635 1897 2692 Nivardi.
1912 2636 1936 2690 S.

273 2721 311 2776 sis
324 2720 409 2776 statui
424 2723 456 2775 ut
473 2720 510 2775 de
524 2720 651 2776 ecclesiis
666 2737 683 2776 a
702 2737 751 2775 sex
769 2719 857 2776 leucis
871 2721 946 2775 ultra
966 2719 1042 2776 inira
1061 2737 1078 2776 a
1127 2719 1265 2788 Gucelini,
1281 2722 1310 2774 et
1324 2720 1448 2775 aliorum
1462 2721 1633 2776 multorum.
1649 2723 1709 2794 Ego
1723 2722 1873 2784 hirardus
1880 2741 1938 2780 ran

264 2809 368 2881 ¹Rasna
396 2811 530 2881 tempore
558 2809 764 2881 Rogatianum,
800 2825 903 2864 omnes
930 2811 991 2864 tam
1025 2808 1076 2864 riri
1128 2807 1260 2864 cellarius
1273 2807 1381 2880 scripsi,
1399 2813 1428 2864 et
1441 2825 1507 2864 cum
1529 2809 1640 2865 caeteris
1655 2811 1797 2866 laudator
1811 2813 1844 2867 et
1860 2812 1938 2866 robu-

275 2913 363 2972 quam
379 2898 515 2953 mulieres
530 2914 596 2953 cum
609 2897 803 2954 oblationibus
818 2897 855 2952 ad
865 2897 914 2955 SS.
932 2898 1076 2969 apostolo·
1128 2900 1208 2954 rator
1223 2898 1327 2952 cxstiti.

275 3001 340 3044 rum
351 2985 858 3042 PetrietPauliliminaconveniant.
875 2985 1077 3058 llludqucque
1163 2989 1233 3041 Acta
1248 2987 1385 3042 sunthaec
1401 3003 1477 3042 atino
1493 2986 1529 3043 ab
1544 2988 1754 3046 incarnatione
1769 2992 1856 3058 1008,
1871 2990 1938 3046 indi·
2006 3013 2007 3060 ῃ

275 3091 335 3130 non
349 3075 439 3131 otiose
453 3090 568 3130 mecum
592 3077 730 3146 reputans
753 3074 830 3146 quia,
854 3089 920 3128 oum
944 3076 1077 3147 tempore
1127 3075 1223 3130 ctione
1238 3077 1265 3144 s,
1282 3079 1383 3147 epacta
1397 3092 1436 3144 xi,
1457 3081 1648 3132 concurrente
1663 3094 1703 3146 iv,
1718 3084 1871 3150 regnante
1887 3079 1936 3132 llu-

277 3163 382 3219 eodcm
397 3162 542 3234 Lingonas
560 3162 657 3217 venire
672 3161 820 3228 deberent,
837 3162 885 3216 alii
898 3161 1077 3233 longitudine
1127 3163 1211 3218 berto
1226 3179 1307 3236 rege,
1321 3167 1349 3219 et
1361 3164 1480 3220 domino
1490 3163 1624 3221 Brunone
1634 3166 1738 3222 sedem
1750 3166 1939 3242 Lingonicanr

280 3251 344 3320 vise,
357 3250 406 3308 ulii
419 3250 617 3307 imbecillitate
633 3249 771 3323 corporis,
787 3267 837 3306 seu
853 3249 995 3322 aliquibus
1016 3249 1078 3306 aliis
1129 3253 1260 3310 tenente.

284 3337 481 3395 occasionibus
494 3337 645 3406 retardati,
667 3337 773 3410 pabulo
786 3336 928 3393 Dominici
943 3337 1033 3406 verbi,
1049 3340 1079 3393 et

274 3477 1941 3521 Q

955 3621 1028 3663 Anno
1047 3623 1142 3664 nolttltl
1161 3625 1250 3666 mm

778 3785 1451 3988 ARNULFUS

449 4094 925 4239 aanaasis
976 4097 1786 4321 inarrassemus

750 4415 1047 4526 NOTITIA
1089 4420 1477 4527 HISTORICA

610 4583 695 4655 (llum
715 4582 838 4648 Mintur,
851 4581 1016 4654 Metropolis
1031 4583 1181 4640 Remensis
1196 4584 1330 4654 Historia,
1350 4587 1412 4642 tom
1424 4585 1463 4659 11,
1477 4599 1547 4660 pag.
1565 4587 1620 4660 39.)

325 4789 1092 4867 ProadispiscendoRemensiarchiepiscopatumulto·
1105 4799 1129 4860 C
1141 4795 1177 4851 rii
1195 4800 1227 4852 ut
1240 4797 1338 4854 scribit
1351 4799 1544 4857 continuatur
1553 4801 1694 4868 Aimonii,
1709 4802 1760 4858 sod
1789 4803 1867 4860 filius
1887 4805 1941 4876 ejas

290 4881 356 4921 rum
366 4865 479 4922 animos
487 4866 607 4922 ambitio
617 4863 784 4920 stimulabat
796 4881 804 4932 ;
818 4863 936 4936 qnidam
946 4863 1091 4922 douissibi
1142 4869 1281 4924 naturalis
1303 4874 1331 4923 et
1351 4887 1441 4943 nepos
1458 4871 1551 4928 Caroli
1571 4873 1649 4928 ducis
1665 4873 1867 4947 lotharingia
1883 4877 1941 4930 tuit.

290 4937 328 4992 ad
339 4936 471 4992 numitor
503 4938 637 5005 arabant,
648 4936 802 4991 Gerbertus
811 4951 840 4989 se
849 4951 1039 4992 successorem
1055 4937 1091 4992 ab
1142 4939 1238 4995 Bruno
1256 4957 1271 4995 e
1294 4939 1404 5014 isccpus
1425 4941 1614 5015 Lingonensis
1630 4943 1666 4999 de
1683 4945 1811 5002 Gilbertc
1838 4947 1943 5002 comitis

289 4954 1092 5090 Adalbsronsgclsctumnotctotiusclericmniumepi-
1142 4955 1294 5082 Reginalcfi
1312 5011 1371 5067 illio
1390 5013 1512 5095 loquens
1535 5016 1564 5070 in
1580 5015 1657 5071 Actis
1670 5014 1793 5098 Consilii
1813 5015 1845 5071 S.
1862 5017 1942 5072 basoli

290 5077 1093 5230 :tttlllllltttlltlllllltllllltltllllll
1141 5082 1943 5232 atltltttllldtttttllttl}baltha

291 5221 361 5277 tiam
368 5221 477 5276 Arnulll
487 5221 721 5294 principis,reg10
733 5223 887 5300 stemmate
898 5223 964 5288 orti,
975 5221 1091 5302 cgitprc
1144 5224 1311 5279 botharium
1326 5225 1421 5296 primu
1435 5243 1566 5284 sororem
1580 5227 1691 5284 dariae
1702 5227 1871 5300 Reginaldi,
1888 5247 1942 5304 qut

292 5308 327 5348 aa
342 5293 575 5365 auctoritateque
588 5293 725 5364 pollebat,
734 5307 784 5362 spe
795 5290 960 5345 obtinenda
971 5294 1093 5364 pariant
1145 5295 1263 5366 posthac
1272 5311 1362 5367 arege
1372 5298 1523 5368 repudiata
1530 5299 1695 5354 Theobaldo
1705 5300 1852 5356 demonte
1863 5305 1941 5356 Acutc

293 5365 463 5435 prresulutus
482 5363 579 5420 intulis
602 5363 695 5419 adhuc
710 5362 776 5416 licet
791 5361 909 5431 «juvenis
924 5362 1093 5418 donaretur.
1145 5366 1253 5436 nupsit,
1269 5366 1344 5421 etsic
1355 5367 1491 5424 dissoluto
1504 5370 1704 5436 matrimonio,
1714 5372 1906 5446 Arnullusqui
1913 5371 1940 5426 ab

295 5435 381 5505 Cujus
391 5435 576 5490 reihrnultus
586 5432 797 5490 statimcertior
809 5431 901 5486 lactus
910 5433 1095 5503 perhdalbe·
1146 5437 1942 5514 eovenerat,flliusnaturatisregisreputatussstcumlti·

294 5521 399 5561 runem
409 5506 638 5570 laudunensem,
649 5503 697 5575 qui
712 5502 749 5557 ad
770 5505 863 5556 castra
878 5505 953 5574 regis
966 5507 1094 5574 venerat,
1146 5505 1254 5563 charde
1265 5508 1404 5580 quodam,
1425 5510 1472 5580 qui
1489 5512 1619 5592 ejusdem
1633 5512 1730 5568 fratris
1746 5513 1830 5569 titulo
1844 5515 1939 5586 garda

296 5575 339 5631 liu
361 5573 1096 5648 onimoxreconciliatonPorroArnulsus‚quondam
1147 5577 1941 5668 inactissynodalibus.0urdquidsit,consilium{inguim

295 5591 428 5708 noviens
443 5646 639 5703 taudunensis
651 5641 816 5714 cairouicus,
825 5644 980 5701 confrater
992 5646 1098 5704 Lotba·
1147 5649 1202 5706 luit
1211 5649 1265 5706 hac
1280 5650 1420 5710 electione
1429 5651 1483 5710 sibi
1495 5653 1658 5732 principem
1668 5653 1940 5732 ductarii-encratia
