<?xml version="1.0" encoding="UTF-8"?>
<!DOCTYPE html PUBLIC "-//W3C//DTD XHTML 1.0 Transitional//EN"
    "http://www.w3.org/TR/xhtml1/DTD/xhtml1-transitional.dtd">
<html xmlns="http://www.w3.org/1999/xhtml" xml:lang="en" lang="en">
 <head>
  <title>
</title>
<meta http-equiv="Content-Type" content="text/html;charset=utf-8" />
  <meta name='ocr-system' content='tesseract 3.04.00' />
  <meta name='ocr-capabilities' content='ocr_page ocr_carea ocr_par ocr_line ocrx_word'/>
</head>
<body>
  <div class='ocr_page' id='page_1' title='image "./patrologiaecurs96unkngoog_0411.png"; bbox 0 0 3952 6176; ppageno 0'>
   <div class='ocr_carea' id='block_1_1' title="bbox 114 393 160 450">
    <p class='ocr_par' dir='ltr' id='par_1_1' title="bbox 114 393 160 450">
     <span class='ocr_line' id='line_1_1' title="bbox 114 393 160 450; baseline -0.022 0"><span class='ocrx_word' id='word_1_1' title='bbox 114 393 160 450; x_wconf 82' lang='lat' dir='ltr'><strong>ets</strong></span> 
     </span>
    </p>
   </div>
   <div class='ocr_carea' id='block_1_2' title="bbox 508 379 1365 449">
    <p class='ocr_par' dir='ltr' id='par_1_2' title="bbox 508 379 1365 449">
     <span class='ocr_line' id='line_1_2' title="bbox 508 379 1365 449; baseline -0.005 -1"><span class='ocrx_word' id='word_1_2' title='bbox 508 383 748 449; x_wconf 74' lang='lat' dir='ltr'><strong>nummulus</strong></span> <span class='ocrx_word' id='word_1_3' title='bbox 763 387 792 448; x_wconf 90' lang='lat' dir='ltr'><strong>S.</strong></span> <span class='ocrx_word' id='word_1_4' title='bbox 804 381 1094 446; x_wconf 75' lang='lat' dir='ltr'><strong>censcientiam</strong></span> <span class='ocrx_word' id='word_1_5' title='bbox 1106 379 1189 447; x_wconf 82' lang='lat' dir='ltr'><strong>utto.</strong></span> <span class='ocrx_word' id='word_1_6' title='bbox 1205 418 1240 432; x_wconf 92' lang='lat'>—</span> <span class='ocrx_word' id='word_1_7' title='bbox 1261 380 1327 446; x_wconf 83' lang='lat' dir='ltr'><strong>tle.</strong></span> <span class='ocrx_word' id='word_1_8' title='bbox 1343 383 1365 445; x_wconf 90' lang='lat' dir='ltr'><strong>l.</strong></span> 
     </span>
    </p>
   </div>
   <div class='ocr_carea' id='block_1_3' title="bbox 1721 391 1777 450">
    <p class='ocr_par' dir='ltr' id='par_1_3' title="bbox 1721 391 1777 450">
     <span class='ocr_line' id='line_1_3' title="bbox 1721 391 1777 450; baseline -0.036 0"><span class='ocrx_word' id='word_1_9' title='bbox 1721 391 1777 450; x_wconf 81' lang='lat' dir='ltr'><strong>stt</strong></span> 
     </span>
    </p>
   </div>
   <div class='ocr_carea' id='block_1_4' title="bbox 114 506 1778 674">
    <p class='ocr_par' dir='ltr' id='par_1_4' title="bbox 114 506 1778 674">
     <span class='ocr_line' id='line_1_4' title="bbox 116 506 1777 587; baseline -0.001 -18"><span class='ocrx_word' id='word_1_10' title='bbox 116 511 274 587; x_wconf 88' lang='lat' dir='ltr'><strong>diripiebat.</strong></span> <span class='ocrx_word' id='word_1_11' title='bbox 289 513 368 569; x_wconf 80' lang='lat' dir='ltr'><strong>Tunc</strong></span> <span class='ocrx_word' id='word_1_12' title='bbox 390 513 475 568; x_wconf 85' lang='lat' dir='ltr'><strong>Peter</strong></span> <span class='ocrx_word' id='word_1_13' title='bbox 490 512 658 570; x_wconf 88' lang='lat' dir='ltr'><strong>monasterii</strong></span> <span class='ocrx_word' id='word_1_14' title='bbox 673 515 832 585; x_wconf 85' lang='lat' dir='ltr'><strong>cunctaque</strong></span> <span class='ocrx_word' id='word_1_15' title='bbox 847 527 915 568; x_wconf 89' lang='lat' dir='ltr'><strong>con·</strong></span> <span class='ocrx_word' id='word_1_16' title='bbox 926 517 954 577; x_wconf 82' lang='lat' dir='ltr'>A</span> <span class='ocrx_word' id='word_1_17' title='bbox 964 511 1105 585; x_wconf 80' lang='lat' dir='ltr'><strong>primave</strong></span> <span class='ocrx_word' id='word_1_18' title='bbox 1117 508 1278 582; x_wconf 77' lang='lat' dir='ltr'><strong>juventutis</strong></span> <span class='ocrx_word' id='word_1_19' title='bbox 1292 508 1364 565; x_wconf 88' lang='lat' dir='ltr'><strong>ilore</strong></span> <span class='ocrx_word' id='word_1_20' title='bbox 1386 506 1452 564; x_wconf 83' lang='lat' dir='ltr'><strong>vitae</strong></span> <span class='ocrx_word' id='word_1_21' title='bbox 1469 507 1554 581; x_wconf 88' lang='lat' dir='ltr'><strong>hujus</strong></span> <span class='ocrx_word' id='word_1_22' title='bbox 1567 508 1697 582; x_wconf 83' lang='lat' dir='ltr'><strong>privatus</strong></span> <span class='ocrx_word' id='word_1_23' title='bbox 1712 527 1777 570; x_wconf 87' lang='lat' dir='ltr'><strong>mu·</strong></span> 
     </span>
     <span class='ocr_line' id='line_1_5' title="bbox 114 598 1778 674; baseline 0.001 -18"><span class='ocrx_word' id='word_1_24' title='bbox 114 601 241 673; x_wconf 83' lang='lat' dir='ltr'><strong>gregatis</strong></span> <span class='ocrx_word' id='word_1_25' title='bbox 249 602 285 657; x_wconf 93' lang='lat' dir='ltr'><strong>ad</strong></span> <span class='ocrx_word' id='word_1_26' title='bbox 293 617 361 658; x_wconf 91' lang='lat' dir='ltr'><strong>eum</strong></span> <span class='ocrx_word' id='word_1_27' title='bbox 373 601 502 674; x_wconf 86' lang='lat' dir='ltr'><strong>dirigunt</strong></span> <span class='ocrx_word' id='word_1_28' title='bbox 511 605 659 672; x_wconf 86' lang='lat' dir='ltr'><strong>poscentes</strong></span> <span class='ocrx_word' id='word_1_29' title='bbox 670 604 711 665; x_wconf 92' lang='lat' dir='ltr'><strong>ut,</strong></span> <span class='ocrx_word' id='word_1_30' title='bbox 723 617 837 657; x_wconf 90' lang='lat' dir='ltr'><strong>memor</strong></span> <span class='ocrx_word' id='word_1_31' title='bbox 846 600 914 656; x_wconf 90' lang='lat' dir='ltr'><strong>lldei</strong></span> <span class='ocrx_word' id='word_1_32' title='bbox 966 601 1211 674; x_wconf 88' lang='lat' dir='ltr'><strong>nerepravitatem</strong></span> <span class='ocrx_word' id='word_1_33' title='bbox 1221 615 1335 672; x_wconf 90' lang='lat' dir='ltr'><strong>quoque</strong></span> <span class='ocrx_word' id='word_1_34' title='bbox 1346 613 1462 654; x_wconf 90' lang='lat' dir='ltr'><strong>morum</strong></span> <span class='ocrx_word' id='word_1_35' title='bbox 1471 598 1778 674; x_wconf 79' lang='lat' dir='ltr'><strong>nonveluitoorrigere</strong></span> 
     </span>
    </p>
   </div>
   <div class='ocr_carea' id='block_1_5' title="bbox 102 689 918 2356">
    <p class='ocr_par' dir='ltr' id='par_1_5' title="bbox 109 689 918 1823">
     <span class='ocr_line' id='line_1_6' title="bbox 110 689 914 763; baseline 0 -19"><span class='ocrx_word' id='word_1_36' title='bbox 110 690 295 762; x_wconf 87' lang='lat' dir='ltr'><strong>jurejurando</strong></span> <span class='ocrx_word' id='word_1_37' title='bbox 311 691 353 745; x_wconf 89' lang='lat' dir='ltr'><strong>eis</strong></span> <span class='ocrx_word' id='word_1_38' title='bbox 366 707 384 746; x_wconf 90' lang='lat' dir='ltr'><strong>a</strong></span> <span class='ocrx_word' id='word_1_39' title='bbox 396 707 426 746; x_wconf 90' lang='lat' dir='ltr'><strong>se</strong></span> <span class='ocrx_word' id='word_1_40' title='bbox 441 690 586 763; x_wconf 78' lang='lat' dir='ltr'><strong>pollicita,</strong></span> <span class='ocrx_word' id='word_1_41' title='bbox 599 707 645 746; x_wconf 88' lang='lat' dir='ltr'><strong>res</strong></span> <span class='ocrx_word' id='word_1_42' title='bbox 658 705 757 745; x_wconf 92' lang='lat' dir='ltr'><strong>eorum</strong></span> <span class='ocrx_word' id='word_1_43' title='bbox 777 689 914 745; x_wconf 80' lang='lat' dir='ltr'><strong>invadere</strong></span> 
     </span>
     <span class='ocr_line' id='line_1_7' title="bbox 114 777 912 851; baseline -0.003 -17"><span class='ocrx_word' id='word_1_44' title='bbox 114 779 270 834; x_wconf 77' lang='lat' dir='ltr'><strong>desisteret.</strong></span> <span class='ocrx_word' id='word_1_45' title='bbox 285 778 346 843; x_wconf 88' lang='lat' dir='ltr'><strong>Quo</strong></span> <span class='ocrx_word' id='word_1_46' title='bbox 365 778 592 851; x_wconf 71' lang='lat' dir='ltr'>parvipendente</span> <span class='ocrx_word' id='word_1_47' title='bbox 610 795 711 834; x_wconf 89' lang='lat' dir='ltr'><strong>eorum</strong></span> <span class='ocrx_word' id='word_1_48' title='bbox 741 778 862 847; x_wconf 88' lang='lat' dir='ltr'><strong>monita,</strong></span> <span class='ocrx_word' id='word_1_49' title='bbox 877 777 912 832; x_wconf 90' lang='lat' dir='ltr'><strong>ad</strong></span> 
     </span>
     <span class='ocr_line' id='line_1_8' title="bbox 113 866 914 939; baseline -0.002 -17"><span class='ocrx_word' id='word_1_50' title='bbox 113 866 914 939; x_wconf 79' lang='lat' dir='ltr'><strong>lothariumregem‚seuducemllugonern,querimoniae</strong></span> 
     </span>
     <span class='ocr_line' id='line_1_9' title="bbox 114 956 912 1030; baseline -0.004 -17"><span class='ocrx_word' id='word_1_51' title='bbox 114 958 305 1014; x_wconf 74' lang='lat' dir='ltr'><strong>enatabilem</strong></span> <span class='ocrx_word' id='word_1_52' title='bbox 320 957 497 1030; x_wconf 76' lang='lat' dir='ltr'><strong>deploraturi</strong></span> <span class='ocrx_word' id='word_1_53' title='bbox 520 971 683 1012; x_wconf 77' lang='lat' dir='ltr'><strong>erumnam</strong></span> <span class='ocrx_word' id='word_1_54' title='bbox 699 956 820 1029; x_wconf 87' lang='lat' dir='ltr'><strong>profecti</strong></span> <span class='ocrx_word' id='word_1_55' title='bbox 836 958 912 1010; x_wconf 92' lang='lat' dir='ltr'><strong>sunt.</strong></span> 
     </span>
     <span class='ocr_line' id='line_1_10' title="bbox 112 1043 916 1120; baseline -0.005 -18"><span class='ocrx_word' id='word_1_56' title='bbox 112 1047 196 1120; x_wconf 82' lang='lat' dir='ltr'>Apud</span> <span class='ocrx_word' id='word_1_57' title='bbox 210 1051 354 1118; x_wconf 87' lang='lat' dir='ltr'><strong>questum</strong></span> <span class='ocrx_word' id='word_1_58' title='bbox 367 1046 486 1118; x_wconf 90' lang='lat' dir='ltr'><strong>quidem</strong></span> <span class='ocrx_word' id='word_1_59' title='bbox 504 1062 609 1119; x_wconf 90' lang='lat' dir='ltr'><strong>parum</strong></span> <span class='ocrx_word' id='word_1_60' title='bbox 636 1043 831 1116; x_wconf 84' lang='lat' dir='ltr'><strong>proficientes,</strong></span> <span class='ocrx_word' id='word_1_61' title='bbox 863 1060 916 1116; x_wconf 89' lang='lat' dir='ltr'><strong>per</strong></span> 
     </span>
     <span class='ocr_line' id='line_1_11' title="bbox 113 1131 914 1208; baseline -0.004 -18"><span class='ocrx_word' id='word_1_62' title='bbox 113 1135 280 1208; x_wconf 87' lang='lat' dir='ltr'><strong>semetipsos</strong></span> <span class='ocrx_word' id='word_1_63' title='bbox 307 1135 444 1191; x_wconf 88' lang='lat' dir='ltr'><strong>eumdem</strong></span> <span class='ocrx_word' id='word_1_64' title='bbox 481 1134 600 1206; x_wconf 77' lang='lat' dir='ltr'><strong>perlida</strong></span> <span class='ocrx_word' id='word_1_65' title='bbox 632 1133 739 1188; x_wconf 89' lang='lat' dir='ltr'><strong>mentis</strong></span> <span class='ocrx_word' id='word_1_66' title='bbox 762 1131 914 1189; x_wconf 89' lang='lat' dir='ltr'><strong>hominem</strong></span> 
     </span>
     <span class='ocr_line' id='line_1_12' title="bbox 111 1222 918 1293; baseline -0.004 -15"><span class='ocrx_word' id='word_1_67' title='bbox 111 1223 215 1292; x_wconf 87' lang='lat' dir='ltr'><strong>adorsi,</strong></span> <span class='ocrx_word' id='word_1_68' title='bbox 232 1227 317 1280; x_wconf 87' lang='lat' dir='ltr'><strong>orant</strong></span> <span class='ocrx_word' id='word_1_69' title='bbox 330 1225 364 1278; x_wconf 91' lang='lat' dir='ltr'><strong>ut</strong></span> <span class='ocrx_word' id='word_1_70' title='bbox 377 1223 419 1278; x_wconf 90' lang='lat' dir='ltr'><strong>sui</strong></span> <span class='ocrx_word' id='word_1_71' title='bbox 429 1223 611 1290; x_wconf 87' lang='lat' dir='ltr'><strong>misereatur,</strong></span> <span class='ocrx_word' id='word_1_72' title='bbox 628 1222 664 1277; x_wconf 92' lang='lat' dir='ltr'><strong>ab</strong></span> <span class='ocrx_word' id='word_1_73' title='bbox 680 1237 782 1276; x_wconf 89' lang='lat' dir='ltr'><strong>eorum</strong></span> <span class='ocrx_word' id='word_1_74' title='bbox 798 1234 918 1293; x_wconf 85' lang='lat' dir='ltr'><strong>oppres·</strong></span> 
     </span>
     <span class='ocr_line' id='line_1_13' title="bbox 112 1312 914 1376; baseline -0.002 -10"><span class='ocrx_word' id='word_1_75' title='bbox 112 1313 189 1366; x_wconf 91' lang='lat' dir='ltr'><strong>sicne</strong></span> <span class='ocrx_word' id='word_1_76' title='bbox 202 1312 351 1369; x_wconf 73' lang='lat' dir='ltr'><strong>remando.</strong></span> <span class='ocrx_word' id='word_1_77' title='bbox 364 1313 570 1368; x_wconf 78' lang='lat' dir='ltr'><strong>Verumtamen</strong></span> <span class='ocrx_word' id='word_1_78' title='bbox 586 1325 621 1366; x_wconf 92' lang='lat' dir='ltr'><strong>eo</strong></span> <span class='ocrx_word' id='word_1_79' title='bbox 640 1312 789 1367; x_wconf 76' lang='lat' dir='ltr'><strong>avertente</strong></span> <span class='ocrx_word' id='word_1_80' title='bbox 802 1323 914 1376; x_wconf 83' lang='lat' dir='ltr'><strong>aurem,</strong></span> 
     </span>
     <span class='ocr_line' id='line_1_14' title="bbox 111 1397 914 1471; baseline -0.002 -17"><span class='ocrx_word' id='word_1_81' title='bbox 111 1399 145 1454; x_wconf 86' lang='lat' dir='ltr'><strong>ad</strong></span> <span class='ocrx_word' id='word_1_82' title='bbox 172 1403 244 1455; x_wconf 92' lang='lat' dir='ltr'><strong>nota</strong></span> <span class='ocrx_word' id='word_1_83' title='bbox 266 1402 419 1455; x_wconf 88' lang='lat' dir='ltr'><strong>recurrunt</strong></span> <span class='ocrx_word' id='word_1_84' title='bbox 431 1398 574 1470; x_wconf 76' lang='lat' dir='ltr'><strong>presidia.</strong></span> <span class='ocrx_word' id='word_1_85' title='bbox 589 1397 719 1471; x_wconf 90' lang='lat' dir='ltr'><strong>Denique</strong></span> <span class='ocrx_word' id='word_1_86' title='bbox 734 1400 795 1453; x_wconf 89' lang='lat' dir='ltr'><strong>tote</strong></span> <span class='ocrx_word' id='word_1_87' title='bbox 810 1411 914 1468; x_wconf 88' lang='lat' dir='ltr'><strong>prope·</strong></span> 
     </span>
     <span class='ocr_line' id='line_1_15' title="bbox 110 1487 914 1564; baseline -0.002 -22"><span class='ocrx_word' id='word_1_88' title='bbox 110 1487 231 1542; x_wconf 89' lang='lat' dir='ltr'><strong>modum</strong></span> <span class='ocrx_word' id='word_1_89' title='bbox 256 1487 386 1558; x_wconf 82' lang='lat' dir='ltr'><strong>ejusdem</strong></span> <span class='ocrx_word' id='word_1_90' title='bbox 413 1487 481 1542; x_wconf 84' lang='lat' dir='ltr'><strong>anni</strong></span> <span class='ocrx_word' id='word_1_91' title='bbox 503 1487 746 1564; x_wconf 88' lang='lat' dir='ltr'><strong>quadragesimali</strong></span> <span class='ocrx_word' id='word_1_92' title='bbox 770 1491 914 1556; x_wconf 86' lang='lat' dir='ltr'><strong>tempore,</strong></span> 
     </span>
     <span class='ocr_line' id='line_1_16' title="bbox 110 1573 914 1646; baseline 0.002 -19"><span class='ocrx_word' id='word_1_93' title='bbox 110 1573 184 1628; x_wconf 88' lang='lat' dir='ltr'><strong>inter</strong></span> <span class='ocrx_word' id='word_1_94' title='bbox 194 1574 363 1631; x_wconf 86' lang='lat' dir='ltr'><strong>litaniarum</strong></span> <span class='ocrx_word' id='word_1_95' title='bbox 388 1575 540 1642; x_wconf 87' lang='lat' dir='ltr'><strong>solemnia,</strong></span> <span class='ocrx_word' id='word_1_96' title='bbox 553 1591 604 1630; x_wconf 89' lang='lat' dir='ltr'><strong>sua</strong></span> <span class='ocrx_word' id='word_1_97' title='bbox 615 1575 740 1631; x_wconf 90' lang='lat' dir='ltr'><strong>Domino</strong></span> <span class='ocrx_word' id='word_1_98' title='bbox 756 1589 808 1646; x_wconf 91' lang='lat' dir='ltr'><strong>pro</strong></span> <span class='ocrx_word' id='word_1_99' title='bbox 823 1575 914 1630; x_wconf 90' lang='lat' dir='ltr'><strong>tribu-</strong></span> 
     </span>
     <span class='ocr_line' id='line_1_17' title="bbox 110 1662 914 1736; baseline 0.002 -20"><span class='ocrx_word' id='word_1_100' title='bbox 110 1663 216 1717; x_wconf 83' lang='lat' dir='ltr'><strong>latione</strong></span> <span class='ocrx_word' id='word_1_101' title='bbox 231 1663 474 1731; x_wconf 64' lang='lat' dir='ltr'><strong>lundomensis,</strong></span> <span class='ocrx_word' id='word_1_102' title='bbox 491 1663 547 1719; x_wconf 92' lang='lat' dir='ltr'><strong>duo</strong></span> <span class='ocrx_word' id='word_1_103' title='bbox 567 1679 644 1718; x_wconf 81' lang='lat' dir='ltr'><strong>cerea</strong></span> <span class='ocrx_word' id='word_1_104' title='bbox 655 1663 809 1736; x_wconf 82' lang='lat' dir='ltr'><strong>pulsabant</strong></span> <span class='ocrx_word' id='word_1_105' title='bbox 820 1662 914 1735; x_wconf 88' lang='lat' dir='ltr'><strong>signa,</strong></span> 
     </span>
     <span class='ocr_line' id='line_1_18' title="bbox 109 1750 912 1823; baseline 0.004 -18"><span class='ocrx_word' id='word_1_106' title='bbox 109 1750 912 1823; x_wconf 86' lang='lat' dir='ltr'><strong>uteorumsonituaudieutesadsimileinviterentopus.</strong></span> 
     </span>
    </p>

    <p class='ocr_par' dir='ltr' id='par_1_6' title="bbox 102 1839 917 2356">
     <span class='ocr_line' id='line_1_19' title="bbox 141 1839 915 1911; baseline 0.001 -18"><span class='ocrx_word' id='word_1_107' title='bbox 141 1839 261 1894; x_wconf 89' lang='lat' dir='ltr'><strong>lnterim</strong></span> <span class='ocrx_word' id='word_1_108' title='bbox 285 1839 422 1910; x_wconf 83' lang='lat' dir='ltr'><strong>praetatus</strong></span> <span class='ocrx_word' id='word_1_109' title='bbox 446 1839 602 1895; x_wconf 88' lang='lat' dir='ltr'><strong>llarhertus</strong></span> <span class='ocrx_word' id='word_1_110' title='bbox 617 1839 647 1894; x_wconf 91' lang='lat' dir='ltr'><strong>in</strong></span> <span class='ocrx_word' id='word_1_111' title='bbox 655 1855 713 1894; x_wconf 81' lang='lat' dir='ltr'><strong>sua</strong></span> <span class='ocrx_word' id='word_1_112' title='bbox 726 1840 915 1911; x_wconf 79' lang='lat' dir='ltr'><strong>malignitatis</strong></span> 
     </span>
     <span class='ocr_line' id='line_1_20' title="bbox 105 1926 915 2000; baseline -0.005 -14"><span class='ocrx_word' id='word_1_113' title='bbox 105 1928 491 2000; x_wconf 70' lang='lat' dir='ltr'><strong>perseverausccntumecia</strong></span> <span class='ocrx_word' id='word_1_114' title='bbox 498 1926 768 2000; x_wconf 89' lang='lat' dir='ltr'><strong>pessimisquotidie</strong></span> <span class='ocrx_word' id='word_1_115' title='bbox 778 1928 915 2000; x_wconf 85' lang='lat' dir='ltr'><strong>adjiciens</strong></span> 
     </span>
     <span class='ocr_line' id='line_1_21' title="bbox 105 2017 915 2090; baseline 0 -18"><span class='ocrx_word' id='word_1_116' title='bbox 105 2018 217 2090; x_wconf 88' lang='lat' dir='ltr'><strong>pcj0ra,</strong></span> <span class='ocrx_word' id='word_1_117' title='bbox 235 2018 454 2090; x_wconf 88' lang='lat' dir='ltr'><strong>quadamnocte</strong></span> <span class='ocrx_word' id='word_1_118' title='bbox 465 2033 531 2072; x_wconf 90' lang='lat' dir='ltr'><strong>cum</strong></span> <span class='ocrx_word' id='word_1_119' title='bbox 549 2018 721 2090; x_wconf 90' lang='lat' dir='ltr'><strong>quibusdam</strong></span> <span class='ocrx_word' id='word_1_120' title='bbox 746 2017 915 2074; x_wconf 89' lang='lat' dir='ltr'><strong>satellitibus</strong></span> 
     </span>
     <span class='ocr_line' id='line_1_22' title="bbox 104 2105 915 2179; baseline 0.001 -18"><span class='ocrx_word' id='word_1_121' title='bbox 104 2106 132 2161; x_wconf 92' lang='lat' dir='ltr'><strong>in</strong></span> <span class='ocrx_word' id='word_1_122' title='bbox 147 2107 358 2162; x_wconf 80' lang='lat' dir='ltr'><strong>wastinensem</strong></span> <span class='ocrx_word' id='word_1_123' title='bbox 372 2122 480 2178; x_wconf 88' lang='lat' dir='ltr'><strong>pagum</strong></span> <span class='ocrx_word' id='word_1_124' title='bbox 493 2105 573 2162; x_wconf 90' lang='lat' dir='ltr'><strong>adire</strong></span> <span class='ocrx_word' id='word_1_125' title='bbox 591 2105 780 2179; x_wconf 81' lang='lat' dir='ltr'><strong>disposuerat.</strong></span> <span class='ocrx_word' id='word_1_126' title='bbox 798 2108 831 2162; x_wconf 86' lang='lat' dir='ltr'><strong>Et</strong></span> <span class='ocrx_word' id='word_1_127' title='bbox 846 2106 915 2179; x_wconf 86' lang='lat' dir='ltr'><strong>qaia</strong></span> 
     </span>
     <span class='ocr_line' id='line_1_23' title="bbox 102 2181 914 2267; baseline -0.001 -18"><span class='ocrx_word' id='word_1_128' title='bbox 102 2195 182 2263; x_wconf 82' lang='lat' dir='ltr'><strong>juxta</strong></span> <span class='ocrx_word' id='word_1_129' title='bbox 196 2195 331 2250; x_wconf 84' lang='lat' dir='ltr'><strong>Veritatis</strong></span> <span class='ocrx_word' id='word_1_130' title='bbox 344 2197 506 2267; x_wconf 85' lang='lat' dir='ltr'><strong>vocem,qui</strong></span> <span class='ocrx_word' id='word_1_131' title='bbox 519 2194 641 2250; x_wconf 84' lang='lat' dir='ltr'><strong>ambulat</strong></span> <span class='ocrx_word' id='word_1_132' title='bbox 656 2181 684 2248; x_wconf 81' lang='lat' dir='ltr'><strong>in</strong></span> <span class='ocrx_word' id='word_1_133' title='bbox 698 2200 774 2250; x_wconf 83' lang='lat' dir='ltr'><strong>nocte</strong></span> <span class='ocrx_word' id='word_1_134' title='bbox 791 2195 914 2267; x_wconf 72' lang='lat' dir='ltr'><strong>offendit,</strong></span> 
     </span>
     <span class='ocr_line' id='line_1_24' title="bbox 102 2283 917 2356; baseline 0.004 -20"><span class='ocrx_word' id='word_1_135' title='bbox 102 2286 163 2354; x_wconf 84' lang='lat' dir='ltr'><strong>quia</strong></span> <span class='ocrx_word' id='word_1_136' title='bbox 176 2284 229 2338; x_wconf 79' lang='lat' dir='ltr'><strong>lua</strong></span> <span class='ocrx_word' id='word_1_137' title='bbox 241 2286 269 2336; x_wconf 85' lang='lat' dir='ltr'><strong>iu</strong></span> <span class='ocrx_word' id='word_1_138' title='bbox 283 2299 311 2338; x_wconf 84' lang='lat' dir='ltr'><strong>eo</strong></span> <span class='ocrx_word' id='word_1_139' title='bbox 326 2299 380 2338; x_wconf 83' lang='lat' dir='ltr'><strong>nou</strong></span> <span class='ocrx_word' id='word_1_140' title='bbox 393 2290 431 2338; x_wconf 82' lang='lat' dir='ltr'><strong>eu</strong></span> <span class='ocrx_word' id='word_1_141' title='bbox 445 2283 537 2356; x_wconf 80' lang='lat' dir='ltr'><strong>(donn.</strong></span> <span class='ocrx_word' id='word_1_142' title='bbox 556 2299 595 2348; x_wconf 82' lang='grc' dir='ltr'><strong>ιιι,</strong></span> <span class='ocrx_word' id='word_1_143' title='bbox 612 2286 665 2352; x_wconf 83' lang='lat' dir='ltr'><strong>ld),</strong></span> <span class='ocrx_word' id='word_1_144' title='bbox 681 2284 743 2339; x_wconf 92' lang='lat' dir='ltr'><strong>luce</strong></span> <span class='ocrx_word' id='word_1_145' title='bbox 759 2283 859 2356; x_wconf 90' lang='lat' dir='ltr'><strong>utique</strong></span> <span class='ocrx_word' id='word_1_146' title='bbox 872 2300 917 2339; x_wconf 92' lang='lat' dir='ltr'><strong>ce-</strong></span> 
     </span>
    </p>
   </div>
   <div class='ocr_carea' id='block_1_6' title="bbox 965 688 1779 2356">
    <p class='ocr_par' dir='ltr' id='par_1_7' title="bbox 1134 688 1618 850">
     <span class='ocr_line' id='line_1_25' title="bbox 1285 688 1479 745; baseline -0.005 0"><span class='ocrx_word' id='word_1_147' title='bbox 1285 689 1398 745; x_wconf 80' lang='lat' dir='ltr'>CAPUT</span> <span class='ocrx_word' id='word_1_148' title='bbox 1409 688 1479 744; x_wconf 83' lang='lat' dir='ltr'><strong>Vlll.</strong></span> 
     </span>
     <span class='ocr_line' id='line_1_26' title="bbox 1134 777 1618 850; baseline -0.002 -16"><span class='ocrx_word' id='word_1_149' title='bbox 1134 777 1281 834; x_wconf 77' lang='lat' dir='ltr'><strong>Romulius</strong></span> <span class='ocrx_word' id='word_1_150' title='bbox 1300 779 1361 833; x_wconf 85' lang='lat' dir='ltr'><strong>item</strong></span> <span class='ocrx_word' id='word_1_151' title='bbox 1375 783 1460 834; x_wconf 74' lang='lat' dir='ltr'><strong>mern</strong></span> <span class='ocrx_word' id='word_1_152' title='bbox 1471 784 1618 850; x_wconf 65' lang='lat' dir='ltr'><strong>ennepius.</strong></span> 
     </span>
    </p>

    <p class='ocr_par' dir='ltr' id='par_1_8' title="bbox 965 865 1779 2356">
     <span class='ocr_line' id='line_1_27' title="bbox 1001 865 1778 937; baseline -0.004 -13"><span class='ocrx_word' id='word_1_153' title='bbox 1001 869 1047 924; x_wconf 79' lang='lat' dir='ltr'><strong>to.</strong></span> <span class='ocrx_word' id='word_1_154' title='bbox 1072 865 1310 922; x_wconf 84' lang='lat' dir='ltr'><strong>Romalduscivis</strong></span> <span class='ocrx_word' id='word_1_155' title='bbox 1338 865 1521 922; x_wconf 78' lang='lat' dir='ltr'><strong>carnotensis</strong></span> <span class='ocrx_word' id='word_1_156' title='bbox 1548 865 1666 935; x_wconf 90' lang='lat' dir='ltr'><strong>exstitit,</strong></span> <span class='ocrx_word' id='word_1_157' title='bbox 1696 865 1778 937; x_wconf 75' lang='lat' dir='ltr'><strong>cuijus</strong></span> 
     </span>
     <span class='ocr_line' id='line_1_28' title="bbox 966 953 1776 1028; baseline 0 -18"><span class='ocrx_word' id='word_1_158' title='bbox 966 955 1036 1012; x_wconf 82' lang='lat' dir='ltr'><strong>silva</strong></span> <span class='ocrx_word' id='word_1_159' title='bbox 1049 958 1130 1011; x_wconf 89' lang='lat' dir='ltr'><strong>trans</strong></span> <span class='ocrx_word' id='word_1_160' title='bbox 1145 954 1282 1026; x_wconf 79' lang='lat' dir='ltr'><strong>Ligerim,</strong></span> <span class='ocrx_word' id='word_1_161' title='bbox 1296 955 1326 1011; x_wconf 93' lang='lat' dir='ltr'><strong>in</strong></span> <span class='ocrx_word' id='word_1_162' title='bbox 1350 955 1505 1028; x_wconf 76' lang='lat' dir='ltr'><strong>segalonia</strong></span> <span class='ocrx_word' id='word_1_163' title='bbox 1519 955 1555 1023; x_wconf 80' lang='lat' dir='ltr'><strong>tta</strong></span> <span class='ocrx_word' id='word_1_164' title='bbox 1572 953 1698 1028; x_wconf 68' lang='lat' dir='ltr'><strong>Solaque)</strong></span> <span class='ocrx_word' id='word_1_165' title='bbox 1711 953 1776 1022; x_wconf 89' lang='lat' dir='ltr'><strong>sita,</strong></span> 
     </span>
     <span class='ocr_line' id='line_1_29' title="bbox 966 1043 1779 1116; baseline -0.001 -18"><span class='ocrx_word' id='word_1_166' title='bbox 966 1043 1089 1100; x_wconf 84' lang='lat' dir='ltr'><strong>confinis</strong></span> <span class='ocrx_word' id='word_1_167' title='bbox 1111 1043 1190 1099; x_wconf 74' lang='lat' dir='ltr'><strong>silvas</strong></span> <span class='ocrx_word' id='word_1_168' title='bbox 1211 1058 1300 1116; x_wconf 89' lang='lat' dir='ltr'><strong>quam</strong></span> <span class='ocrx_word' id='word_1_169' title='bbox 1321 1043 1417 1098; x_wconf 82' lang='lat' dir='ltr'><strong>devoti</strong></span> <span class='ocrx_word' id='word_1_170' title='bbox 1436 1043 1488 1098; x_wconf 82' lang='lat' dir='ltr'><strong>viri</strong></span> <span class='ocrx_word' id='word_1_171' title='bbox 1502 1043 1566 1116; x_wconf 78' lang='lat' dir='ltr'><strong>Jam</strong></span> <span class='ocrx_word' id='word_1_172' title='bbox 1587 1043 1670 1099; x_wconf 76' lang='lat' dir='ltr'><strong>dietae</strong></span> <span class='ocrx_word' id='word_1_173' title='bbox 1686 1043 1779 1098; x_wconf 85' lang='lat' dir='ltr'><strong>eccle-</strong></span> 
     </span>
     <span class='ocr_line' id='line_1_30' title="bbox 966 1129 1779 1203; baseline -0.001 -16"><span class='ocrx_word' id='word_1_174' title='bbox 966 1131 1015 1187; x_wconf 79' lang='lat' dir='ltr'><strong>siae</strong></span> <span class='ocrx_word' id='word_1_175' title='bbox 1033 1132 1236 1200; x_wconf 85' lang='lat' dir='ltr'><strong>attribuerunt,</strong></span> <span class='ocrx_word' id='word_1_176' title='bbox 1254 1147 1315 1187; x_wconf 88' lang='lat' dir='ltr'><strong>esse</strong></span> <span class='ocrx_word' id='word_1_177' title='bbox 1330 1129 1519 1203; x_wconf 80' lang='lat' dir='ltr'><strong>dignoscitur.</strong></span> <span class='ocrx_word' id='word_1_178' title='bbox 1533 1133 1558 1186; x_wconf 87' lang='lat' dir='ltr'><strong>ls</strong></span> <span class='ocrx_word' id='word_1_179' title='bbox 1568 1147 1643 1186; x_wconf 89' lang='lat' dir='ltr'><strong>nnus</strong></span> <span class='ocrx_word' id='word_1_180' title='bbox 1654 1130 1779 1187; x_wconf 79' lang='lat' dir='ltr'><strong>existam</strong></span> 
     </span>
     <span class='ocr_line' id='line_1_31' title="bbox 966 1217 1779 1293; baseline -0.001 -19"><span class='ocrx_word' id='word_1_181' title='bbox 966 1235 1069 1276; x_wconf 88' lang='lat' dir='ltr'><strong>corum</strong></span> <span class='ocrx_word' id='word_1_182' title='bbox 1080 1220 1116 1276; x_wconf 92' lang='lat' dir='ltr'><strong>de</strong></span> <span class='ocrx_word' id='word_1_183' title='bbox 1128 1219 1233 1293; x_wconf 91' lang='lat' dir='ltr'><strong>quibus</strong></span> <span class='ocrx_word' id='word_1_184' title='bbox 1250 1219 1399 1291; x_wconf 87' lang='lat' dir='ltr'><strong>Scriptura</strong></span> <span class='ocrx_word' id='word_1_185' title='bbox 1415 1218 1500 1276; x_wconf 89' lang='lat' dir='ltr'><strong>dicit:</strong></span> <span class='ocrx_word' id='word_1_186' title='bbox 1514 1217 1649 1286; x_wconf 79' lang='lat' dir='ltr'><strong>Quoniam</strong></span> <span class='ocrx_word' id='word_1_187' title='bbox 1672 1217 1779 1291; x_wconf 83' lang='lat' dir='ltr'><strong>quidem</strong></span> 
     </span>
     <span class='ocr_line' id='line_1_32' title="bbox 966 1301 1779 1381; baseline 0 -19"><span class='ocrx_word' id='word_1_188' title='bbox 966 1310 1018 1381; x_wconf 84' lang='lat' dir='ltr'><strong>ipsi</strong></span> <span class='ocrx_word' id='word_1_189' title='bbox 1039 1311 1165 1366; x_wconf 86' lang='lat' dir='ltr'><strong>terminos</strong></span> <span class='ocrx_word' id='word_1_190' title='bbox 1205 1307 1413 1376; x_wconf 79' lang='lat' dir='ltr'><strong>transtulerunt,</strong></span> <span class='ocrx_word' id='word_1_191' title='bbox 1440 1301 1663 1381; x_wconf 74' lang='lat' dir='ltr'><strong>dirtpuentatque</strong></span> <span class='ocrx_word' id='word_1_192' title='bbox 1687 1323 1779 1379; x_wconf 74' lang='lat' dir='ltr'><strong>greges</strong></span> 
     </span>
     <span class='ocr_line' id='line_1_33' title="bbox 966 1395 1778 1472; baseline -0.002 -18"><span class='ocrx_word' id='word_1_193' title='bbox 966 1399 1029 1472; x_wconf 77' lang='lat' dir='ltr'><strong>(too</strong></span> <span class='ocrx_word' id='word_1_194' title='bbox 1048 1415 1121 1467; x_wconf 85' lang='lat' dir='ltr'><strong>xxxv,</strong></span> <span class='ocrx_word' id='word_1_195' title='bbox 1133 1397 1173 1469; x_wconf 75' lang='lat' dir='ltr'><strong>t),</strong></span> <span class='ocrx_word' id='word_1_196' title='bbox 1187 1397 1348 1454; x_wconf 91' lang='lat' dir='ltr'><strong>adunatum</strong></span> <span class='ocrx_word' id='word_1_197' title='bbox 1359 1401 1420 1453; x_wconf 71' lang='lat' dir='ltr'><strong>hm</strong></span> <span class='ocrx_word' id='word_1_198' title='bbox 1433 1397 1464 1452; x_wconf 93' lang='lat' dir='ltr'><strong>in</strong></span> <span class='ocrx_word' id='word_1_199' title='bbox 1488 1397 1559 1454; x_wconf 87' lang='lat' dir='ltr'><strong>silva</strong></span> <span class='ocrx_word' id='word_1_200' title='bbox 1579 1396 1608 1455; x_wconf 90' lang='lat' dir='ltr'><strong>S.</strong></span> <span class='ocrx_word' id='word_1_201' title='bbox 1631 1395 1778 1454; x_wconf 83' lang='lat' dir='ltr'><strong>Benedicti</strong></span> 
     </span>
     <span class='ocr_line' id='line_1_34' title="bbox 966 1485 1778 1562; baseline -0.001 -19"><span class='ocrx_word' id='word_1_202' title='bbox 966 1503 1114 1562; x_wconf 91' lang='lat' dir='ltr'><strong>quamqne</strong></span> <span class='ocrx_word' id='word_1_203' title='bbox 1125 1487 1155 1542; x_wconf 92' lang='lat' dir='ltr'><strong>in</strong></span> <span class='ocrx_word' id='word_1_204' title='bbox 1168 1503 1219 1542; x_wconf 90' lang='lat' dir='ltr'><strong>sue</strong></span> <span class='ocrx_word' id='word_1_205' title='bbox 1234 1487 1303 1543; x_wconf 85' lang='lat' dir='ltr'><strong>silva</strong></span> <span class='ocrx_word' id='word_1_206' title='bbox 1313 1486 1350 1542; x_wconf 91' lang='lat' dir='ltr'><strong>ad</strong></span> <span class='ocrx_word' id='word_1_207' title='bbox 1362 1485 1701 1560; x_wconf 89' lang='lat' dir='ltr'><strong>pascendumporcorum</strong></span> <span class='ocrx_word' id='word_1_208' title='bbox 1711 1501 1778 1558; x_wconf 82' lang='lat' dir='ltr'><strong>gre-</strong></span> 
     </span>
     <span class='ocr_line' id='line_1_35' title="bbox 966 1575 1778 1649; baseline -0.002 -17"><span class='ocrx_word' id='word_1_209' title='bbox 966 1593 1036 1649; x_wconf 91' lang='lat' dir='ltr'><strong>gum</strong></span> <span class='ocrx_word' id='word_1_210' title='bbox 1047 1593 1079 1632; x_wconf 87' lang='lat' dir='ltr'><strong>er</strong></span> <span class='ocrx_word' id='word_1_211' title='bbox 1091 1591 1175 1648; x_wconf 74' lang='lat' dir='ltr'><strong>aequo</strong></span> <span class='ocrx_word' id='word_1_212' title='bbox 1183 1575 1285 1648; x_wconf 88' lang='lat' dir='ltr'><strong>partiri</strong></span> <span class='ocrx_word' id='word_1_213' title='bbox 1302 1575 1472 1631; x_wconf 86' lang='lat' dir='ltr'><strong>conabatur.</strong></span> <span class='ocrx_word' id='word_1_214' title='bbox 1488 1577 1523 1630; x_wconf 83' lang='lat' dir='ltr'><strong>st</strong></span> <span class='ocrx_word' id='word_1_215' title='bbox 1536 1575 1604 1648; x_wconf 90' lang='lat' dir='ltr'><strong>quia</strong></span> <span class='ocrx_word' id='word_1_216' title='bbox 1614 1592 1682 1649; x_wconf 89' lang='lat' dir='ltr'><strong>pars</strong></span> <span class='ocrx_word' id='word_1_217' title='bbox 1690 1575 1778 1632; x_wconf 91' lang='lat' dir='ltr'><strong>saltus</strong></span> 
     </span>
     <span class='ocr_line' id='line_1_36' title="bbox 966 1662 1778 1737; baseline -0.002 -18"><span class='ocrx_word' id='word_1_218' title='bbox 966 1665 1178 1721; x_wconf 89' lang='lat' dir='ltr'><strong>monachorum</strong></span> <span class='ocrx_word' id='word_1_219' title='bbox 1201 1664 1297 1734; x_wconf 75' lang='lat' dir='ltr'><strong>major</strong></span> <span class='ocrx_word' id='word_1_220' title='bbox 1326 1679 1414 1737; x_wconf 89' lang='lat' dir='ltr'><strong>quam</strong></span> <span class='ocrx_word' id='word_1_221' title='bbox 1434 1662 1522 1736; x_wconf 90' lang='lat' dir='ltr'><strong>ipsius</strong></span> <span class='ocrx_word' id='word_1_222' title='bbox 1536 1667 1608 1732; x_wconf 87' lang='lat' dir='ltr'><strong>erat,</strong></span> <span class='ocrx_word' id='word_1_223' title='bbox 1622 1679 1708 1734; x_wconf 83' lang='lat' dir='ltr'><strong>grace</strong></span> <span class='ocrx_word' id='word_1_224' title='bbox 1722 1663 1778 1720; x_wconf 92' lang='lat' dir='ltr'><strong>hoc</strong></span> 
     </span>
     <span class='ocr_line' id='line_1_37' title="bbox 965 1751 1778 1826; baseline -0.001 -18"><span class='ocrx_word' id='word_1_225' title='bbox 965 1753 1102 1809; x_wconf 82' lang='lat' dir='ltr'><strong>tratribus</strong></span> <span class='ocrx_word' id='word_1_226' title='bbox 1123 1752 1283 1808; x_wconf 83' lang='lat' dir='ltr'><strong>videbatur.</strong></span> <span class='ocrx_word' id='word_1_227' title='bbox 1302 1752 1383 1807; x_wconf 89' lang='lat' dir='ltr'><strong>Unde</strong></span> <span class='ocrx_word' id='word_1_228' title='bbox 1400 1752 1549 1809; x_wconf 86' lang='lat' dir='ltr'><strong>communi</strong></span> <span class='ocrx_word' id='word_1_229' title='bbox 1562 1751 1778 1826; x_wconf 83' lang='lat' dir='ltr'><strong>consiliaquos-</strong></span> 
     </span>
     <span class='ocr_line' id='line_1_38' title="bbox 967 1840 1778 1914; baseline 0 -18"><span class='ocrx_word' id='word_1_230' title='bbox 967 1841 1035 1897; x_wconf 90' lang='lat' dir='ltr'><strong>dam</strong></span> <span class='ocrx_word' id='word_1_231' title='bbox 1051 1858 1085 1897; x_wconf 91' lang='lat' dir='ltr'><strong>ex</strong></span> <span class='ocrx_word' id='word_1_232' title='bbox 1099 1858 1150 1898; x_wconf 89' lang='lat' dir='ltr'><strong>suo</strong></span> <span class='ocrx_word' id='word_1_233' title='bbox 1161 1841 1283 1914; x_wconf 88' lang='lat' dir='ltr'><strong>collegio</strong></span> <span class='ocrx_word' id='word_1_234' title='bbox 1294 1840 1426 1913; x_wconf 88' lang='lat' dir='ltr'><strong>dirigunt</strong></span> <span class='ocrx_word' id='word_1_235' title='bbox 1436 1841 1474 1898; x_wconf 90' lang='lat' dir='ltr'><strong>ad</strong></span> <span class='ocrx_word' id='word_1_236' title='bbox 1482 1841 1636 1898; x_wconf 82' lang='lat' dir='ltr'><strong>Amulium</strong></span> <span class='ocrx_word' id='word_1_237' title='bbox 1648 1840 1778 1898; x_wconf 80' lang='lat' dir='ltr'><strong>Aurelia-</strong></span> 
     </span>
     <span class='ocr_line' id='line_1_39' title="bbox 968 1928 1779 2002; baseline 0.001 -16"><span class='ocrx_word' id='word_1_238' title='bbox 968 1946 1075 1986; x_wconf 91' lang='lat' dir='ltr'><strong>norum</strong></span> <span class='ocrx_word' id='word_1_239' title='bbox 1087 1933 1149 1987; x_wconf 90' lang='lat' dir='ltr'><strong>tum</strong></span> <span class='ocrx_word' id='word_1_240' title='bbox 1161 1932 1327 2002; x_wconf 73' lang='lat' dir='ltr'><strong>presulem,</strong></span> <span class='ocrx_word' id='word_1_241' title='bbox 1342 1930 1387 1985; x_wconf 93' lang='lat' dir='ltr'><strong>cui</strong></span> <span class='ocrx_word' id='word_1_242' title='bbox 1398 1930 1478 1987; x_wconf 89' lang='lat' dir='ltr'><strong>idem</strong></span> <span class='ocrx_word' id='word_1_243' title='bbox 1491 1929 1534 1986; x_wconf 84' lang='lat' dir='ltr'><strong>vir</strong></span> <span class='ocrx_word' id='word_1_244' title='bbox 1542 1931 1676 1987; x_wconf 76' lang='lat' dir='ltr'><strong>beneficii</strong></span> <span class='ocrx_word' id='word_1_245' title='bbox 1684 1928 1779 2002; x_wconf 87' lang='lat' dir='ltr'><strong>grstia</strong></span> 
     </span>
     <span class='ocr_line' id='line_1_40' title="bbox 965 2017 1779 2092; baseline -0.001 -18"><span class='ocrx_word' id='word_1_246' title='bbox 965 2017 1093 2092; x_wconf 85' lang='lat' dir='ltr'><strong>percepti</strong></span> <span class='ocrx_word' id='word_1_247' title='bbox 1115 2019 1245 2090; x_wconf 87' lang='lat' dir='ltr'><strong>parebat,</strong></span> <span class='ocrx_word' id='word_1_248' title='bbox 1270 2023 1302 2074; x_wconf 91' lang='lat' dir='ltr'><strong>ut</strong></span> <span class='ocrx_word' id='word_1_249' title='bbox 1325 2035 1393 2074; x_wconf 89' lang='lat' dir='ltr'><strong>eum</strong></span> <span class='ocrx_word' id='word_1_250' title='bbox 1421 2019 1458 2075; x_wconf 92' lang='lat' dir='ltr'><strong>ad</strong></span> <span class='ocrx_word' id='word_1_251' title='bbox 1480 2017 1623 2092; x_wconf 73' lang='lat' dir='ltr'><strong>equitatis</strong></span> <span class='ocrx_word' id='word_1_252' title='bbox 1641 2018 1709 2090; x_wconf 87' lang='lat' dir='ltr'><strong>jure</strong></span> <span class='ocrx_word' id='word_1_253' title='bbox 1726 2033 1779 2074; x_wconf 87' lang='lat' dir='ltr'><strong>sua</strong></span> 
     </span>
     <span class='ocr_line' id='line_1_41' title="bbox 966 2106 1779 2176; baseline 0.002 -16"><span class='ocrx_word' id='word_1_254' title='bbox 966 2109 1116 2162; x_wconf 85' lang='lat' dir='ltr'><strong>revocaret</strong></span> <span class='ocrx_word' id='word_1_255' title='bbox 1124 2107 1414 2163; x_wconf 88' lang='lat' dir='ltr'><strong>auctoritate.Verum</strong></span> <span class='ocrx_word' id='word_1_256' title='bbox 1422 2106 1675 2176; x_wconf 81' lang='lat' dir='ltr'><strong>ille,contu1nacite</strong></span> <span class='ocrx_word' id='word_1_257' title='bbox 1688 2106 1779 2162; x_wconf 81' lang='lat' dir='ltr'><strong>lautus</strong></span> 
     </span>
     <span class='ocr_line' id='line_1_42' title="bbox 966 2193 1779 2268; baseline 0 -19"><span class='ocrx_word' id='word_1_258' title='bbox 966 2193 1081 2266; x_wconf 89' lang='lat' dir='ltr'><strong>spiritu,</strong></span> <span class='ocrx_word' id='word_1_259' title='bbox 1107 2195 1239 2250; x_wconf 87' lang='lat' dir='ltr'><strong>suadenti</strong></span> <span class='ocrx_word' id='word_1_260' title='bbox 1262 2194 1398 2268; x_wconf 88' lang='lat' dir='ltr'><strong>episcopo</strong></span> <span class='ocrx_word' id='word_1_261' title='bbox 1420 2197 1563 2267; x_wconf 89' lang='lat' dir='ltr'><strong>qnatenus</strong></span> <span class='ocrx_word' id='word_1_262' title='bbox 1580 2193 1702 2266; x_wconf 80' lang='lat' dir='ltr'><strong>justitias</strong></span> <span class='ocrx_word' id='word_1_263' title='bbox 1719 2197 1779 2250; x_wconf 91' lang='lat' dir='ltr'><strong>tra-</strong></span> 
     </span>
     <span class='ocr_line' id='line_1_43' title="bbox 967 2281 1779 2356; baseline 0.002 -20"><span class='ocrx_word' id='word_1_264' title='bbox 967 2281 1779 2356; x_wconf 84' lang='lat' dir='ltr'><strong>mitemservaret,superberesponditseeodiequosues</strong></span> 
     </span>
    </p>
   </div>
   <div class='ocr_carea' id='block_1_7' title="bbox 96 2369 1779 3418">
    <p class='ocr_par' dir='ltr' id='par_1_9' title="bbox 96 2369 1779 3418">
     <span class='ocr_line' id='line_1_44' title="bbox 102 2369 1779 2444; baseline 0.001 -18"><span class='ocrx_word' id='word_1_265' title='bbox 102 2387 168 2428; x_wconf 83' lang='lat' dir='ltr'><strong>rens</strong></span> <span class='ocrx_word' id='word_1_266' title='bbox 181 2373 364 2428; x_wconf 82' lang='lat' dir='ltr'><strong>virtutumac</strong></span> <span class='ocrx_word' id='word_1_267' title='bbox 378 2372 505 2428; x_wconf 87' lang='lat' dir='ltr'><strong>tenebris</strong></span> <span class='ocrx_word' id='word_1_268' title='bbox 521 2373 652 2428; x_wconf 87' lang='lat' dir='ltr'><strong>obsessus</strong></span> <span class='ocrx_word' id='word_1_269' title='bbox 660 2372 806 2436; x_wconf 85' lang='lat' dir='ltr'><strong>vitiorum,</strong></span> <span class='ocrx_word' id='word_1_270' title='bbox 818 2372 916 2428; x_wconf 90' lang='lat' dir='ltr'><strong>ohscu-</strong></span> <span class='ocrx_word' id='word_1_271' title='bbox 966 2385 983 2424; x_wconf 88' lang='lat' dir='ltr'><strong>e</strong></span> <span class='ocrx_word' id='word_1_272' title='bbox 996 2369 1083 2426; x_wconf 91' lang='lat' dir='ltr'><strong>bosco</strong></span> <span class='ocrx_word' id='word_1_273' title='bbox 1094 2371 1257 2428; x_wconf 85' lang='lat' dir='ltr'><strong>abducendi</strong></span> <span class='ocrx_word' id='word_1_274' title='bbox 1272 2375 1357 2428; x_wconf 89' lang='lat' dir='ltr'><strong>erant</strong></span> <span class='ocrx_word' id='word_1_275' title='bbox 1371 2371 1622 2444; x_wconf 84' lang='lat' dir='ltr'><strong>interpellantibus</strong></span> <span class='ocrx_word' id='word_1_276' title='bbox 1638 2387 1779 2443; x_wconf 89' lang='lat' dir='ltr'><strong>responsa</strong></span> 
     </span>
     <span class='ocr_line' id='line_1_45' title="bbox 101 2458 1778 2533; baseline 0.001 -18"><span class='ocrx_word' id='word_1_277' title='bbox 101 2462 187 2516; x_wconf 88' lang='lat' dir='ltr'><strong>ritate</strong></span> <span class='ocrx_word' id='word_1_278' title='bbox 203 2476 322 2532; x_wconf 91' lang='lat' dir='ltr'><strong>quoque</strong></span> <span class='ocrx_word' id='word_1_279' title='bbox 342 2460 499 2516; x_wconf 75' lang='lat' dir='ltr'><strong>mundanas</strong></span> <span class='ocrx_word' id='word_1_280' title='bbox 521 2461 614 2516; x_wconf 86' lang='lat' dir='ltr'><strong>rrectis</strong></span> <span class='ocrx_word' id='word_1_281' title='bbox 628 2460 734 2531; x_wconf 88' lang='lat' dir='ltr'><strong>impius</strong></span> <span class='ocrx_word' id='word_1_282' title='bbox 748 2461 869 2533; x_wconf 90' lang='lat' dir='ltr'><strong>quisque</strong></span> <span class='ocrx_word' id='word_1_283' title='bbox 885 2478 915 2516; x_wconf 87' lang='lat' dir='ltr'><strong>se</strong></span> <span class='ocrx_word' id='word_1_284' title='bbox 969 2458 1115 2528; x_wconf 88' lang='lat' dir='ltr'><strong>daturum,</strong></span> <span class='ocrx_word' id='word_1_285' title='bbox 1130 2461 1277 2517; x_wconf 77' lang='lat' dir='ltr'><strong>aestimans</strong></span> <span class='ocrx_word' id='word_1_286' title='bbox 1284 2461 1372 2517; x_wconf 89' lang='lat' dir='ltr'><strong>miser</strong></span> <span class='ocrx_word' id='word_1_287' title='bbox 1380 2461 1468 2516; x_wconf 87' lang='lat' dir='ltr'><strong>servis</strong></span> <span class='ocrx_word' id='word_1_288' title='bbox 1478 2460 1778 2533; x_wconf 81' lang='lat' dir='ltr'><strong>llcisequrereqaire-</strong></span> 
     </span>
     <span class='ocr_line' id='line_1_46' title="bbox 100 2546 1778 2622; baseline 0.002 -20"><span class='ocrx_word' id='word_1_289' title='bbox 100 2564 226 2620; x_wconf 87' lang='lat' dir='ltr'><strong>suosque</strong></span> <span class='ocrx_word' id='word_1_290' title='bbox 251 2552 331 2604; x_wconf 88' lang='lat' dir='ltr'><strong>ectus</strong></span> <span class='ocrx_word' id='word_1_291' title='bbox 355 2551 448 2605; x_wconf 89' lang='lat' dir='ltr'><strong>celare</strong></span> <span class='ocrx_word' id='word_1_292' title='bbox 463 2549 565 2605; x_wconf 89' lang='lat' dir='ltr'><strong>nititur</strong></span> <span class='ocrx_word' id='word_1_293' title='bbox 581 2549 650 2618; x_wconf 87' lang='lat' dir='ltr'><strong>;sed</strong></span> <span class='ocrx_word' id='word_1_294' title='bbox 665 2548 732 2605; x_wconf 91' lang='lat' dir='ltr'><strong>lieet</strong></span> <span class='ocrx_word' id='word_1_295' title='bbox 759 2549 914 2616; x_wconf 89' lang='lat' dir='ltr'><strong>humanos,</strong></span> <span class='ocrx_word' id='word_1_296' title='bbox 966 2546 1553 2622; x_wconf 82' lang='lat' dir='ltr'><strong>hauterepturum,immemorevangelici</strong></span> <span class='ocrx_word' id='word_1_297' title='bbox 1564 2547 1716 2618; x_wconf 81' lang='lat' dir='ltr'><strong>dicitis,cui</strong></span> <span class='ocrx_word' id='word_1_298' title='bbox 1726 2565 1778 2605; x_wconf 88' lang='lat' dir='ltr'><strong>sua</strong></span> 
     </span>
     <span class='ocr_line' id='line_1_47' title="bbox 100 2635 1778 2710; baseline 0.001 -18"><span class='ocrx_word' id='word_1_299' title='bbox 100 2637 289 2708; x_wconf 88' lang='lat' dir='ltr'><strong>quantumin</strong></span> <span class='ocrx_word' id='word_1_300' title='bbox 303 2638 365 2710; x_wconf 88' lang='lat' dir='ltr'><strong>ipso</strong></span> <span class='ocrx_word' id='word_1_301' title='bbox 378 2642 431 2705; x_wconf 89' lang='lat' dir='ltr'><strong>est,</strong></span> <span class='ocrx_word' id='word_1_302' title='bbox 451 2638 558 2693; x_wconf 89' lang='lat' dir='ltr'><strong>devitet</strong></span> <span class='ocrx_word' id='word_1_303' title='bbox 571 2638 697 2706; x_wconf 89' lang='lat' dir='ltr'><strong>obtutus,</strong></span> <span class='ocrx_word' id='word_1_304' title='bbox 710 2639 914 2694; x_wconf 89' lang='lat' dir='ltr'><strong>oculostaman</strong></span> <span class='ocrx_word' id='word_1_305' title='bbox 969 2635 1121 2708; x_wconf 86' lang='lat' dir='ltr'><strong>amplianti</strong></span> <span class='ocrx_word' id='word_1_306' title='bbox 1151 2638 1256 2693; x_wconf 89' lang='lat' dir='ltr'><strong>horrea</strong></span> <span class='ocrx_word' id='word_1_307' title='bbox 1269 2637 1410 2694; x_wconf 85' lang='lat' dir='ltr'><strong>Dominus</strong></span> <span class='ocrx_word' id='word_1_308' title='bbox 1425 2636 1491 2693; x_wconf 90' lang='lat' dir='ltr'><strong>inlit</strong></span> <span class='ocrx_word' id='word_1_309' title='bbox 1506 2653 1513 2693; x_wconf 92' lang='lat'>:</span> <span class='ocrx_word' id='word_1_310' title='bbox 1528 2635 1628 2706; x_wconf 80' lang='lat' dir='ltr'><strong>Stulte,</strong></span> <span class='ocrx_word' id='word_1_311' title='bbox 1641 2637 1778 2694; x_wconf 70' lang='lat' dir='ltr'><strong>Mauorte</strong></span> 
     </span>
     <span class='ocr_line' id='line_1_48' title="bbox 98 2724 1775 2798; baseline 0 -18"><span class='ocrx_word' id='word_1_312' title='bbox 98 2725 294 2798; x_wconf 89' lang='lat' dir='ltr'><strong>Domini‚qui</strong></span> <span class='ocrx_word' id='word_1_313' title='bbox 319 2726 479 2798; x_wconf 84' lang='lat' dir='ltr'><strong>supervies</strong></span> <span class='ocrx_word' id='word_1_314' title='bbox 507 2726 744 2782; x_wconf 89' lang='lat' dir='ltr'><strong>hominumsunt</strong></span> <span class='ocrx_word' id='word_1_315' title='bbox 769 2730 915 2782; x_wconf 90' lang='lat' dir='ltr'><strong>etomnes</strong></span> <span class='ocrx_word' id='word_1_316' title='bbox 967 2727 1089 2778; x_wconf 84' lang='lat' dir='ltr'><strong>unimam</strong></span> <span class='ocrx_word' id='word_1_317' title='bbox 1113 2730 1188 2780; x_wconf 74' lang='lat' dir='ltr'><strong>mam</strong></span> <span class='ocrx_word' id='word_1_318' title='bbox 1208 2725 1294 2780; x_wconf 81' lang='lat' dir='ltr'><strong>abste</strong></span> <span class='ocrx_word' id='word_1_319' title='bbox 1316 2731 1447 2797; x_wconf 79' lang='lat' dir='ltr'><strong>repetam,</strong></span> <span class='ocrx_word' id='word_1_320' title='bbox 1463 2724 1775 2797; x_wconf 80' lang='lat' dir='ltr'><strong>etquapurueit,cujus</strong></span> 
     </span>
     <span class='ocr_line' id='line_1_49' title="bbox 98 2810 1775 2886; baseline -0.001 -18"><span class='ocrx_word' id='word_1_321' title='bbox 98 2812 914 2886; x_wconf 82' lang='lat' dir='ltr'><strong>gressuseorumconsiderant,etlugerenullatenusvalet.</strong></span> <span class='ocrx_word' id='word_1_322' title='bbox 966 2817 1045 2864; x_wconf 85' lang='lat' dir='ltr'><strong>erunt</strong></span> <span class='ocrx_word' id='word_1_323' title='bbox 1058 2810 1162 2881; x_wconf 80' lang='lat' dir='ltr'><strong>?(Luc.</strong></span> <span class='ocrx_word' id='word_1_324' title='bbox 1175 2811 1281 2884; x_wconf 77' lang='lat' dir='ltr'><strong>xrr,20)</strong></span> <span class='ocrx_word' id='word_1_325' title='bbox 1297 2813 1406 2883; x_wconf 86' lang='lat' dir='ltr'><strong>Nempe</strong></span> <span class='ocrx_word' id='word_1_326' title='bbox 1432 2812 1589 2868; x_wconf 86' lang='lat' dir='ltr'><strong>llomaldus</strong></span> <span class='ocrx_word' id='word_1_327' title='bbox 1611 2810 1775 2884; x_wconf 72' lang='lat' dir='ltr'><strong>prefectus,</strong></span> 
     </span>
     <span class='ocr_line' id='line_1_50' title="bbox 98 2899 1776 2974; baseline -0.001 -18"><span class='ocrx_word' id='word_1_328' title='bbox 98 2903 160 2956; x_wconf 78' lang='lat' dir='ltr'><strong>Non</strong></span> <span class='ocrx_word' id='word_1_329' title='bbox 177 2902 270 2969; x_wconf 87' lang='lat' dir='ltr'><strong>enim,</strong></span> <span class='ocrx_word' id='word_1_330' title='bbox 286 2905 317 2956; x_wconf 92' lang='lat' dir='ltr'><strong>ut</strong></span> <span class='ocrx_word' id='word_1_331' title='bbox 331 2902 431 2958; x_wconf 88' lang='lat' dir='ltr'><strong>beatus</strong></span> <span class='ocrx_word' id='word_1_332' title='bbox 445 2903 498 2958; x_wconf 84' lang='lat' dir='ltr'><strong>lob</strong></span> <span class='ocrx_word' id='word_1_333' title='bbox 513 2904 647 2972; x_wconf 89' lang='lat' dir='ltr'><strong>testatur,</strong></span> <span class='ocrx_word' id='word_1_334' title='bbox 663 2903 741 2974; x_wconf 90' lang='lat' dir='ltr'><strong>apud</strong></span> <span class='ocrx_word' id='word_1_335' title='bbox 757 2902 915 2958; x_wconf 84' lang='lat' dir='ltr'><strong>Dominum</strong></span> <span class='ocrx_word' id='word_1_336' title='bbox 966 2901 1155 2971; x_wconf 88' lang='lat' dir='ltr'><strong>antequeme</strong></span> <span class='ocrx_word' id='word_1_337' title='bbox 1176 2902 1240 2956; x_wconf 92' lang='lat' dir='ltr'><strong>loco</strong></span> <span class='ocrx_word' id='word_1_338' title='bbox 1257 2900 1305 2956; x_wconf 93' lang='lat' dir='ltr'><strong>ubi</strong></span> <span class='ocrx_word' id='word_1_339' title='bbox 1319 2901 1423 2972; x_wconf 89' lang='lat' dir='ltr'><strong>legatis</strong></span> <span class='ocrx_word' id='word_1_340' title='bbox 1435 2902 1569 2974; x_wconf 85' lang='lat' dir='ltr'><strong>porterve</strong></span> <span class='ocrx_word' id='word_1_341' title='bbox 1583 2899 1776 2972; x_wconf 90' lang='lat' dir='ltr'><strong>responderat</strong></span> 
     </span>
     <span class='ocr_line' id='line_1_51' title="bbox 100 2987 1775 3060; baseline -0.001 -16"><span class='ocrx_word' id='word_1_342' title='bbox 100 2991 166 3044; x_wconf 74' lang='lat' dir='ltr'><strong>ulla</strong></span> <span class='ocrx_word' id='word_1_343' title='bbox 183 2993 253 3045; x_wconf 91' lang='lat' dir='ltr'><strong>sunt</strong></span> <span class='ocrx_word' id='word_1_344' title='bbox 266 2991 395 3046; x_wconf 75' lang='lat' dir='ltr'><strong>tenebre</strong></span> <span class='ocrx_word' id='word_1_345' title='bbox 410 2993 461 3046; x_wconf 91' lang='lat' dir='ltr'><strong>aut</strong></span> <span class='ocrx_word' id='word_1_346' title='bbox 482 2991 585 3046; x_wconf 90' lang='lat' dir='ltr'><strong>umbra</strong></span> <span class='ocrx_word' id='word_1_347' title='bbox 600 2991 712 3058; x_wconf 89' lang='lat' dir='ltr'><strong>mortis,</strong></span> <span class='ocrx_word' id='word_1_348' title='bbox 740 2995 771 3045; x_wconf 87' lang='lat' dir='ltr'><strong>ut</strong></span> <span class='ocrx_word' id='word_1_349' title='bbox 790 2991 912 3046; x_wconf 86' lang='lat' dir='ltr'><strong>abscon·</strong></span> <span class='ocrx_word' id='word_1_350' title='bbox 965 2987 1071 3056; x_wconf 86' lang='lat' dir='ltr'><strong>pedem</strong></span> <span class='ocrx_word' id='word_1_351' title='bbox 1088 2988 1233 3057; x_wconf 82' lang='lat' dir='ltr'><strong>movisset,</strong></span> <span class='ocrx_word' id='word_1_352' title='bbox 1248 2988 1331 3044; x_wconf 86' lang='lat' dir='ltr'><strong>lehre</strong></span> <span class='ocrx_word' id='word_1_353' title='bbox 1341 2988 1454 3060; x_wconf 89' lang='lat' dir='ltr'><strong>ingenti</strong></span> <span class='ocrx_word' id='word_1_354' title='bbox 1464 2991 1625 3059; x_wconf 80' lang='lat' dir='ltr'><strong>comeptns,</strong></span> <span class='ocrx_word' id='word_1_355' title='bbox 1640 3002 1674 3042; x_wconf 92' lang='lat' dir='ltr'><strong>eo</strong></span> <span class='ocrx_word' id='word_1_356' title='bbox 1685 3002 1775 3060; x_wconf 90' lang='lat' dir='ltr'><strong>usque</strong></span> 
     </span>
     <span class='ocr_line' id='line_1_52' title="bbox 101 3073 1775 3152; baseline -0.001 -20"><span class='ocrx_word' id='word_1_357' title='bbox 101 3077 209 3132; x_wconf 86' lang='lat' dir='ltr'><strong>dantur</strong></span> <span class='ocrx_word' id='word_1_358' title='bbox 223 3077 323 3150; x_wconf 91' lang='lat' dir='ltr'><strong>ibiqui</strong></span> <span class='ocrx_word' id='word_1_359' title='bbox 338 3082 495 3151; x_wconf 86' lang='lat' dir='ltr'><strong>operentur</strong></span> <span class='ocrx_word' id='word_1_360' title='bbox 523 3077 707 3152; x_wconf 89' lang='lat' dir='ltr'><strong>iniquitatem</strong></span> <span class='ocrx_word' id='word_1_361' title='bbox 730 3079 792 3140; x_wconf 81' lang='lat' dir='ltr'><strong>(Job</strong></span> <span class='ocrx_word' id='word_1_362' title='bbox 817 3091 911 3146; x_wconf 82' lang='lat' dir='ltr'><strong>xxxxv,</strong></span> <span class='ocrx_word' id='word_1_363' title='bbox 964 3073 1775 3150; x_wconf 82' lang='lat' dir='ltr'><strong>languitdoneceoipsodie,quosesperabatpauparibus</strong></span> 
     </span>
     <span class='ocr_line' id='line_1_53' title="bbox 99 3152 1775 3241; baseline 0.004 -26"><span class='ocrx_word' id='word_1_364' title='bbox 99 3169 155 3238; x_wconf 57' lang='grc' dir='ltr'><strong>ᾖ),</strong></span> <span class='ocrx_word' id='word_1_365' title='bbox 182 3165 231 3222; x_wconf 84' lang='lat' dir='ltr'><strong>Sic</strong></span> <span class='ocrx_word' id='word_1_366' title='bbox 246 3167 342 3238; x_wconf 79' lang='lat' dir='ltr'><strong>itaque</strong></span> <span class='ocrx_word' id='word_1_367' title='bbox 355 3167 391 3222; x_wconf 81' lang='lat' dir='ltr'><strong>ab</strong></span> <span class='ocrx_word' id='word_1_368' title='bbox 417 3169 471 3223; x_wconf 83' lang='lat' dir='ltr'><strong>hoc</strong></span> <span class='ocrx_word' id='word_1_369' title='bbox 491 3166 580 3241; x_wconf 83' lang='lat' dir='ltr'><strong>impio</strong></span> <span class='ocrx_word' id='word_1_370' title='bbox 595 3167 736 3224; x_wconf 77' lang='lat' dir='ltr'><strong>Her-berto</strong></span> <span class='ocrx_word' id='word_1_371' title='bbox 753 3169 850 3224; x_wconf 78' lang='lat' dir='ltr'><strong>ablata</strong></span> <span class='ocrx_word' id='word_1_372' title='bbox 864 3169 912 3223; x_wconf 80' lang='lat' dir='ltr'><strong>lux</strong></span> <span class='ocrx_word' id='word_1_373' title='bbox 924 3152 949 3214; x_wconf 75' lang='lat' dir='ltr'><strong>(i</strong></span> <span class='ocrx_word' id='word_1_374' title='bbox 963 3162 1070 3219; x_wconf 84' lang='lat' dir='ltr'><strong>Christi</strong></span> <span class='ocrx_word' id='word_1_375' title='bbox 1079 3165 1195 3222; x_wconf 80' lang='lat' dir='ltr'><strong>etlilium</strong></span> <span class='ocrx_word' id='word_1_376' title='bbox 1209 3181 1296 3238; x_wconf 77' lang='lat' dir='ltr'><strong>pecus</strong></span> <span class='ocrx_word' id='word_1_377' title='bbox 1310 3165 1345 3221; x_wconf 81' lang='lat' dir='ltr'><strong>iri</strong></span> <span class='ocrx_word' id='word_1_378' title='bbox 1354 3167 1498 3238; x_wconf 75' lang='lat' dir='ltr'><strong>ereptum,</strong></span> <span class='ocrx_word' id='word_1_379' title='bbox 1512 3167 1608 3220; x_wconf 82' lang='lat' dir='ltr'><strong>morte</strong></span> <span class='ocrx_word' id='word_1_380' title='bbox 1620 3164 1775 3222; x_wconf 72' lang='lat' dir='ltr'><strong>damnatus</strong></span> 
     </span>
     <span class='ocr_line' id='line_1_54' title="bbox 100 3251 1774 3328; baseline 0.001 -20"><span class='ocrx_word' id='word_1_381' title='bbox 100 3271 150 3308; x_wconf 85' lang='lat' dir='ltr'><strong>sna</strong></span> <span class='ocrx_word' id='word_1_382' title='bbox 163 3255 218 3320; x_wconf 87' lang='lat' dir='ltr'><strong>est,</strong></span> <span class='ocrx_word' id='word_1_383' title='bbox 233 3252 351 3326; x_wconf 87' lang='lat' dir='ltr'><strong>ipseque</strong></span> <span class='ocrx_word' id='word_1_384' title='bbox 364 3259 484 3327; x_wconf 91' lang='lat' dir='ltr'><strong>repente</strong></span> <span class='ocrx_word' id='word_1_385' title='bbox 498 3256 637 3320; x_wconf 89' lang='lat' dir='ltr'><strong>sublatus,</strong></span> <span class='ocrx_word' id='word_1_386' title='bbox 659 3255 727 3328; x_wconf 91' lang='lat' dir='ltr'><strong>quia</strong></span> <span class='ocrx_word' id='word_1_387' title='bbox 753 3255 802 3311; x_wconf 89' lang='lat' dir='ltr'><strong>diu</strong></span> <span class='ocrx_word' id='word_1_388' title='bbox 817 3255 912 3312; x_wconf 89' lang='lat' dir='ltr'><strong>fuerat</strong></span> <span class='ocrx_word' id='word_1_389' title='bbox 961 3251 1089 3310; x_wconf 80' lang='lat' dir='ltr'><strong>terretur</strong></span> <span class='ocrx_word' id='word_1_390' title='bbox 1098 3255 1136 3310; x_wconf 90' lang='lat' dir='ltr'><strong>ad</strong></span> <span class='ocrx_word' id='word_1_391' title='bbox 1146 3255 1358 3328; x_wconf 88' lang='lat' dir='ltr'><strong>sepeliendum.</strong></span> <span class='ocrx_word' id='word_1_392' title='bbox 1371 3255 1486 3311; x_wconf 75' lang='lat' dir='ltr'><strong>l&#39;rmres</strong></span> <span class='ocrx_word' id='word_1_393' title='bbox 1500 3254 1613 3310; x_wconf 83' lang='lat' dir='ltr'><strong>interea</strong></span> <span class='ocrx_word' id='word_1_394' title='bbox 1625 3269 1643 3309; x_wconf 90' lang='lat' dir='ltr'><strong>a</strong></span> <span class='ocrx_word' id='word_1_395' title='bbox 1655 3253 1774 3327; x_wconf 88' lang='lat' dir='ltr'><strong>reliquis</strong></span> 
     </span>
     <span class='ocr_line' id='line_1_55' title="bbox 96 3339 1773 3418; baseline 0.002 -23"><span class='ocrx_word' id='word_1_396' title='bbox 96 3345 289 3412; x_wconf 83' lang='lat' dir='ltr'><strong>exspectatus.</strong></span> <span class='ocrx_word' id='word_1_397' title='bbox 300 3343 428 3415; x_wconf 88' lang='lat' dir='ltr'><strong>Namque</strong></span> <span class='ocrx_word' id='word_1_398' title='bbox 445 3344 512 3399; x_wconf 91' lang='lat' dir='ltr'><strong>dum</strong></span> <span class='ocrx_word' id='word_1_399' title='bbox 524 3343 591 3418; x_wconf 89' lang='lat' dir='ltr'><strong>equi</strong></span> <span class='ocrx_word' id='word_1_400' title='bbox 605 3346 689 3416; x_wconf 86' lang='lat' dir='ltr'><strong>tergo</strong></span> <span class='ocrx_word' id='word_1_401' title='bbox 702 3342 910 3411; x_wconf 90' lang='lat' dir='ltr'><strong>insidens,cum</strong></span> <span class='ocrx_word' id='word_1_402' title='bbox 958 3339 1041 3413; x_wconf 85' lang='lat' dir='ltr'><strong>juxta</strong></span> <span class='ocrx_word' id='word_1_403' title='bbox 1050 3344 1217 3400; x_wconf 89' lang='lat' dir='ltr'><strong>condictum</strong></span> <span class='ocrx_word' id='word_1_404' title='bbox 1227 3344 1360 3401; x_wconf 89' lang='lat' dir='ltr'><strong>destinati</strong></span> <span class='ocrx_word' id='word_1_405' title='bbox 1367 3344 1405 3400; x_wconf 89' lang='lat' dir='ltr'><strong>ad</strong></span> <span class='ocrx_word' id='word_1_406' title='bbox 1415 3342 1595 3416; x_wconf 82' lang='lat' dir='ltr'><strong>silvam,ejus</strong></span> <span class='ocrx_word' id='word_1_407' title='bbox 1601 3343 1773 3416; x_wconf 87' lang='lat' dir='ltr'><strong>operientes</strong></span> 
     </span>
    </p>
   </div>
   <div class='ocr_carea' id='block_1_8' title="bbox 96 3429 1772 3506">
    <p class='ocr_par' dir='ltr' id='par_1_10' title="bbox 96 3429 1772 3506">
     <span class='ocr_line' id='line_1_56' title="bbox 96 3429 1772 3506; baseline 0.004 -23"><span class='ocrx_word' id='word_1_408' title='bbox 96 3431 155 3484; x_wconf 88' lang='lat' dir='ltr'><strong>suis</strong></span> <span class='ocrx_word' id='word_1_409' title='bbox 182 3434 326 3486; x_wconf 88' lang='lat' dir='ltr'><strong>nocturna</strong></span> <span class='ocrx_word' id='word_1_410' title='bbox 350 3431 506 3503; x_wconf 90' lang='lat' dir='ltr'><strong>adopertus</strong></span> <span class='ocrx_word' id='word_1_411' title='bbox 535 3431 658 3504; x_wconf 90' lang='lat' dir='ltr'><strong>caligine</strong></span> <span class='ocrx_word' id='word_1_412' title='bbox 685 3431 741 3486; x_wconf 92' lang='lat' dir='ltr'><strong>iter</strong></span> <span class='ocrx_word' id='word_1_413' title='bbox 766 3435 908 3504; x_wconf 88' lang='lat' dir='ltr'><strong>carperet,</strong></span> <span class='ocrx_word' id='word_1_414' title='bbox 961 3429 1128 3501; x_wconf 81' lang='lat' dir='ltr'><strong>adventum,</strong></span> <span class='ocrx_word' id='word_1_415' title='bbox 1142 3436 1291 3506; x_wconf 89' lang='lat' dir='ltr'><strong>comperto</strong></span> <span class='ocrx_word' id='word_1_416' title='bbox 1316 3431 1542 3506; x_wconf 87' lang='lat' dir='ltr'><strong>quedohiisset,</strong></span> <span class='ocrx_word' id='word_1_417' title='bbox 1557 3432 1772 3506; x_wconf 90' lang='lat' dir='ltr'><strong>cumportione</strong></span> 
     </span>
    </p>
   </div>
   <div class='ocr_carea' id='block_1_9' title="bbox 95 3518 1869 3604">
    <p class='ocr_par' dir='ltr' id='par_1_11' title="bbox 95 3518 1869 3604">
     <span class='ocr_line' id='line_1_57' title="bbox 95 3518 1869 3604; baseline 0.002 -32"><span class='ocrx_word' id='word_1_418' title='bbox 95 3518 207 3590; x_wconf 78' lang='lat' dir='ltr'><strong>aspexit</strong></span> <span class='ocrx_word' id='word_1_419' title='bbox 226 3518 322 3574; x_wconf 88' lang='lat' dir='ltr'><strong>subito</strong></span> <span class='ocrx_word' id='word_1_420' title='bbox 341 3519 464 3574; x_wconf 88' lang='lat' dir='ltr'><strong>astitisse</strong></span> <span class='ocrx_word' id='word_1_421' title='bbox 479 3518 563 3575; x_wconf 89' lang='lat' dir='ltr'><strong>lateri</strong></span> <span class='ocrx_word' id='word_1_422' title='bbox 587 3536 638 3576; x_wconf 87' lang='lat' dir='ltr'><strong>suo</strong></span> <span class='ocrx_word' id='word_1_423' title='bbox 652 3520 779 3593; x_wconf 85' lang='lat' dir='ltr'><strong>aliquem</strong></span> <span class='ocrx_word' id='word_1_424' title='bbox 804 3537 908 3576; x_wconf 91' lang='lat' dir='ltr'><strong>mona·</strong></span> <span class='ocrx_word' id='word_1_425' title='bbox 960 3531 1044 3574; x_wconf 79' lang='lat' dir='ltr'><strong>suum</strong></span> <span class='ocrx_word' id='word_1_426' title='bbox 1053 3520 1107 3577; x_wconf 91' lang='lat' dir='ltr'><strong>sibi</strong></span> <span class='ocrx_word' id='word_1_427' title='bbox 1132 3521 1230 3578; x_wconf 89' lang='lat' dir='ltr'><strong>dehita</strong></span> <span class='ocrx_word' id='word_1_428' title='bbox 1245 3522 1282 3578; x_wconf 92' lang='lat' dir='ltr'><strong>ad</strong></span> <span class='ocrx_word' id='word_1_429' title='bbox 1295 3519 1414 3604; x_wconf 88' lang='lat' dir='ltr'><strong>propria</strong></span> <span class='ocrx_word' id='word_1_430' title='bbox 1424 3522 1492 3577; x_wconf 88' lang='lat' dir='ltr'><strong>sunt</strong></span> <span class='ocrx_word' id='word_1_431' title='bbox 1502 3521 1636 3593; x_wconf 89' lang='lat' dir='ltr'><strong>regressi,</strong></span> <span class='ocrx_word' id='word_1_432' title='bbox 1652 3520 1773 3577; x_wconf 89' lang='lat' dir='ltr'><strong>benedi·</strong></span> <span class='ocrx_word' id='word_1_433' title='bbox 1809 3541 1811 3546; x_wconf 88' lang='lat'><em>·</em></span> <span class='ocrx_word' id='word_1_434' title='bbox 1866 3561 1869 3566; x_wconf 83' lang='lat'>-</span> 
     </span>
    </p>
   </div>
   <div class='ocr_carea' id='block_1_10' title="bbox 86 3605 1830 5730">
    <p class='ocr_par' dir='ltr' id='par_1_12' title="bbox 94 3605 1771 3946">
     <span class='ocr_line' id='line_1_58' title="bbox 95 3605 1771 3684; baseline 0.004 -24"><span class='ocrx_word' id='word_1_435' title='bbox 95 3605 187 3661; x_wconf 89' lang='lat' dir='ltr'><strong>chelis</strong></span> <span class='ocrx_word' id='word_1_436' title='bbox 201 3605 317 3662; x_wconf 89' lang='lat' dir='ltr'><strong>habitus</strong></span> <span class='ocrx_word' id='word_1_437' title='bbox 331 3608 468 3679; x_wconf 86' lang='lat' dir='ltr'><strong>stigmata</strong></span> <span class='ocrx_word' id='word_1_438' title='bbox 482 3608 688 3680; x_wconf 75' lang='lat' dir='ltr'><strong>praeferentem</strong></span> <span class='ocrx_word' id='word_1_439' title='bbox 705 3625 713 3676; x_wconf 90' lang='lat'>;</span> <span class='ocrx_word' id='word_1_440' title='bbox 728 3609 808 3680; x_wconf 76' lang='lat' dir='ltr'><strong>qu&#39;us</strong></span> <span class='ocrx_word' id='word_1_441' title='bbox 823 3609 908 3665; x_wconf 88' lang='lat' dir='ltr'><strong>indu·</strong></span> <span class='ocrx_word' id='word_1_442' title='bbox 962 3609 1059 3664; x_wconf 87' lang='lat' dir='ltr'><strong>centes</strong></span> <span class='ocrx_word' id='word_1_443' title='bbox 1085 3611 1255 3679; x_wconf 89' lang='lat' dir='ltr'><strong>Dominum,</strong></span> <span class='ocrx_word' id='word_1_444' title='bbox 1275 3610 1419 3684; x_wconf 90' lang='lat' dir='ltr'><strong>simulque</strong></span> <span class='ocrx_word' id='word_1_445' title='bbox 1433 3612 1563 3666; x_wconf 77' lang='lat' dir='ltr'><strong>sanctm</strong></span> <span class='ocrx_word' id='word_1_446' title='bbox 1587 3609 1690 3666; x_wconf 84' lang='lat' dir='ltr'><strong>Christi</strong></span> <span class='ocrx_word' id='word_1_447' title='bbox 1706 3625 1771 3666; x_wconf 88' lang='lat' dir='ltr'><strong>ma-</strong></span> 
     </span>
     <span class='ocr_line' id='line_1_59' title="bbox 95 3695 1767 3770; baseline 0.006 -22"><span class='ocrx_word' id='word_1_448' title='bbox 95 3697 231 3750; x_wconf 87' lang='lat' dir='ltr'><strong>mentum</strong></span> <span class='ocrx_word' id='word_1_449' title='bbox 240 3695 366 3752; x_wconf 74' lang='lat' dir='ltr'><strong>etherea</strong></span> <span class='ocrx_word' id='word_1_450' title='bbox 382 3697 521 3766; x_wconf 86' lang='lat' dir='ltr'><strong>claritate,</strong></span> <span class='ocrx_word' id='word_1_451' title='bbox 531 3700 563 3753; x_wconf 91' lang='lat' dir='ltr'><strong>ut</strong></span> <span class='ocrx_word' id='word_1_452' title='bbox 577 3701 642 3770; x_wconf 91' lang='lat' dir='ltr'><strong>post</strong></span> <span class='ocrx_word' id='word_1_453' title='bbox 656 3697 717 3769; x_wconf 89' lang='lat' dir='ltr'><strong>ipse</strong></span> <span class='ocrx_word' id='word_1_454' title='bbox 731 3699 789 3753; x_wconf 91' lang='lat' dir='ltr'><strong>suis</strong></span> <span class='ocrx_word' id='word_1_455' title='bbox 797 3698 906 3767; x_wconf 89' lang='lat' dir='ltr'><strong>retulit,</strong></span> <span class='ocrx_word' id='word_1_456' title='bbox 957 3697 1767 3768; x_wconf 80' lang='lat' dir='ltr'><strong>tremldariam,eclleilamulumlaudantesltcnedictum.</strong></span> 
     </span>
     <span class='ocr_line' id='line_1_60' title="bbox 94 3775 1647 3859; baseline 0.005 -21"><span class='ocrx_word' id='word_1_457' title='bbox 94 3785 652 3859; x_wconf 81' lang='lat' dir='ltr'><strong>resplendebathquobaculoquodprae</strong></span> <span class='ocrx_word' id='word_1_458' title='bbox 659 3786 907 3843; x_wconf 88' lang='lat' dir='ltr'><strong>manibushabere</strong></span> <span class='ocrx_word' id='word_1_459' title='bbox 1288 3788 1401 3844; x_wconf 81' lang='lat' dir='ltr'>CAPUT</span> <span class='ocrx_word' id='word_1_460' title='bbox 1416 3787 1459 3844; x_wconf 87' lang='lat' dir='ltr'><strong>lll.</strong></span> <span class='ocrx_word' id='word_1_461' title='bbox 1645 3775 1647 3779; x_wconf 38' lang='lat'>⁵</span> 
     </span>
     <span class='ocr_line' id='line_1_61' title="bbox 95 3871 1597 3946; baseline 0.007 -23"><span class='ocrx_word' id='word_1_462' title='bbox 95 3871 259 3942; x_wconf 78' lang='lat' dir='ltr'><strong>ridebatur,</strong></span> <span class='ocrx_word' id='word_1_463' title='bbox 275 3873 353 3930; x_wconf 92' lang='lat' dir='ltr'><strong>inter</strong></span> <span class='ocrx_word' id='word_1_464' title='bbox 366 3875 495 3946; x_wconf 89' lang='lat' dir='ltr'><strong>scapulas</strong></span> <span class='ocrx_word' id='word_1_465' title='bbox 517 3875 599 3941; x_wconf 86' lang='lat' dir='ltr'><strong>ictus,</strong></span> <span class='ocrx_word' id='word_1_466' title='bbox 615 3875 786 3931; x_wconf 86' lang='lat' dir='ltr'><strong>horribilem</strong></span> <span class='ocrx_word' id='word_1_467' title='bbox 812 3873 908 3931; x_wconf 89' lang='lat' dir='ltr'><strong>emisit</strong></span> <span class='ocrx_word' id='word_1_468' title='bbox 1135 3875 1305 3932; x_wconf 71' lang='lat' dir='ltr'><strong>etouuense</strong></span> <span class='ocrx_word' id='word_1_469' title='bbox 1318 3877 1496 3946; x_wconf 62' lang='lat' dir='ltr'><strong>inedium,-</strong></span> <span class='ocrx_word' id='word_1_470' title='bbox 1511 3876 1597 3934; x_wconf 77' lang='lat' dir='ltr'><strong>obad.</strong></span> 
     </span>
    </p>

    <p class='ocr_par' dir='ltr' id='par_1_13' title="bbox 86 3962 1830 5730">
     <span class='ocr_line' id='line_1_62' title="bbox 94 3962 1767 4040; baseline 0.006 -27"><span class='ocrx_word' id='word_1_471' title='bbox 94 3975 216 4031; x_wconf 79' lang='lat' dir='ltr'><strong>voeem3</strong></span> <span class='ocrx_word' id='word_1_472' title='bbox 233 3963 330 4036; x_wconf 90' lang='lat' dir='ltr'><strong>sicque</strong></span> <span class='ocrx_word' id='word_1_473' title='bbox 345 3962 414 4019; x_wconf 81' lang='lat' dir='ltr'><strong>visio</strong></span> <span class='ocrx_word' id='word_1_474' title='bbox 431 3981 465 4019; x_wconf 89' lang='lat' dir='ltr'><strong>ex</strong></span> <span class='ocrx_word' id='word_1_475' title='bbox 481 3964 570 4019; x_wconf 89' lang='lat' dir='ltr'><strong>oculis</strong></span> <span class='ocrx_word' id='word_1_476' title='bbox 583 3963 645 4035; x_wconf 86' lang='lat' dir='ltr'><strong>ejus</strong></span> <span class='ocrx_word' id='word_1_477' title='bbox 657 3964 754 4020; x_wconf 89' lang='lat' dir='ltr'><strong>ablata</strong></span> <span class='ocrx_word' id='word_1_478' title='bbox 774 3965 827 4020; x_wconf 88' lang='lat' dir='ltr'><strong>est.</strong></span> <span class='ocrx_word' id='word_1_479' title='bbox 844 3963 906 4019; x_wconf 85' lang='lat' dir='ltr'><strong>Cir·</strong></span> <span class='ocrx_word' id='word_1_480' title='bbox 992 3968 1037 4023; x_wconf 78' lang='lat' dir='ltr'><strong>tt.</strong></span> <span class='ocrx_word' id='word_1_481' title='bbox 1049 3965 1303 4040; x_wconf 77' lang='lat' dir='ltr'><strong>Temporestcpius</strong></span> <span class='ocrx_word' id='word_1_482' title='bbox 1318 3981 1426 4023; x_wconf 89' lang='lat' dir='ltr'><strong>aecum</strong></span> <span class='ocrx_word' id='word_1_483' title='bbox 1437 3966 1599 4022; x_wconf 82' lang='lat' dir='ltr'><strong>reverentia</strong></span> <span class='ocrx_word' id='word_1_484' title='bbox 1609 3965 1767 4023; x_wconf 88' lang='lat' dir='ltr'><strong>nominau-</strong></span> 
     </span>
     <span class='ocr_line' id='line_1_63' title="bbox 94 4051 1830 4128; baseline 0.006 -26"><span class='ocrx_word' id='word_1_485' title='bbox 94 4051 339 4124; x_wconf 87' lang='lat' dir='ltr'><strong>eumcquitantes,</strong></span> <span class='ocrx_word' id='word_1_486' title='bbox 360 4051 482 4108; x_wconf 92' lang='lat' dir='ltr'><strong>horrore</strong></span> <span class='ocrx_word' id='word_1_487' title='bbox 510 4052 585 4108; x_wconf 86' lang='lat' dir='ltr'><strong>vocis</strong></span> <span class='ocrx_word' id='word_1_488' title='bbox 609 4051 738 4126; x_wconf 78' lang='lat' dir='ltr'><strong>pervicti,</strong></span> <span class='ocrx_word' id='word_1_489' title='bbox 755 4051 906 4126; x_wconf 88' lang='lat' dir='ltr'><strong>inquirunt</strong></span> <span class='ocrx_word' id='word_1_490' title='bbox 956 4053 985 4110; x_wconf 94' lang='lat' dir='ltr'><strong>di</strong></span> <span class='ocrx_word' id='word_1_491' title='bbox 1000 4054 1114 4111; x_wconf 91' lang='lat' dir='ltr'><strong>abbatis</strong></span> <span class='ocrx_word' id='word_1_492' title='bbox 1129 4055 1276 4120; x_wconf 85' lang='lat' dir='ltr'><strong>Richardi,</strong></span> <span class='ocrx_word' id='word_1_493' title='bbox 1293 4071 1359 4111; x_wconf 89' lang='lat' dir='ltr'><strong>cum</strong></span> <span class='ocrx_word' id='word_1_494' title='bbox 1375 4055 1411 4111; x_wconf 90' lang='lat' dir='ltr'><strong>ab</strong></span> <span class='ocrx_word' id='word_1_495' title='bbox 1433 4053 1623 4128; x_wconf 88' lang='lat' dir='ltr'><strong>imperatoria</strong></span> <span class='ocrx_word' id='word_1_496' title='bbox 1645 4056 1766 4113; x_wconf 75' lang='lat' dir='ltr'><strong>caelestis</strong></span> <span class='ocrx_word' id='word_1_497' title='bbox 1827 4117 1830 4124; x_wconf 62' lang='grc'>,</span> 
     </span>
     <span class='ocr_line' id='line_1_64' title="bbox 93 4137 1766 4218; baseline 0.007 -29"><span class='ocrx_word' id='word_1_498' title='bbox 93 4137 214 4194; x_wconf 89' lang='lat' dir='ltr'><strong>sollicite</strong></span> <span class='ocrx_word' id='word_1_499' title='bbox 227 4139 298 4211; x_wconf 91' lang='lat' dir='ltr'><strong>quid</strong></span> <span class='ocrx_word' id='word_1_500' title='bbox 321 4139 348 4194; x_wconf 89' lang='lat' dir='ltr'><strong>ei</strong></span> <span class='ocrx_word' id='word_1_501' title='bbox 367 4141 513 4197; x_wconf 86' lang='lat' dir='ltr'><strong>acciderit.</strong></span> <span class='ocrx_word' id='word_1_502' title='bbox 528 4139 636 4208; x_wconf 86' lang='lat' dir='ltr'><strong>Quibus</strong></span> <span class='ocrx_word' id='word_1_503' title='bbox 651 4141 699 4197; x_wconf 90' lang='lat' dir='ltr'><strong>ille</strong></span> <span class='ocrx_word' id='word_1_504' title='bbox 715 4158 722 4198; x_wconf 77' lang='grc' dir='ltr'><strong>ι</strong></span> <span class='ocrx_word' id='word_1_505' title='bbox 740 4163 755 4192; x_wconf 78' lang='lat' dir='ltr'><strong>a</strong></span> <span class='ocrx_word' id='word_1_506' title='bbox 772 4143 903 4209; x_wconf 88' lang='lat' dir='ltr'><strong>Sanctus,</strong></span> <span class='ocrx_word' id='word_1_507' title='bbox 955 4144 1197 4218; x_wconf 84' lang='lat' dir='ltr'><strong>liegisseveritete</strong></span> <span class='ocrx_word' id='word_1_508' title='bbox 1207 4144 1455 4202; x_wconf 87' lang='lat' dir='ltr'><strong>ebencrmitetem</strong></span> <span class='ocrx_word' id='word_1_509' title='bbox 1462 4143 1663 4218; x_wconf 88' lang='lat' dir='ltr'><strong>peccaminum</strong></span> <span class='ocrx_word' id='word_1_510' title='bbox 1670 4145 1766 4201; x_wconf 88' lang='lat' dir='ltr'><strong>decre·</strong></span> 
     </span>
     <span class='ocr_line' id='line_1_65' title="bbox 93 4225 1762 4307; baseline 0.005 -25"><span class='ocrx_word' id='word_1_511' title='bbox 93 4225 198 4297; x_wconf 88' lang='lat' dir='ltr'><strong>inquit,</strong></span> <span class='ocrx_word' id='word_1_512' title='bbox 214 4227 476 4298; x_wconf 87' lang='lat' dir='ltr'><strong>Benedictus,uunc</strong></span> <span class='ocrx_word' id='word_1_513' title='bbox 490 4231 562 4286; x_wconf 93' lang='lat' dir='ltr'><strong>mihi</strong></span> <span class='ocrx_word' id='word_1_514' title='bbox 579 4231 725 4304; x_wconf 85' lang='lat' dir='ltr'><strong>assistens,</strong></span> <span class='ocrx_word' id='word_1_515' title='bbox 736 4231 830 4286; x_wconf 83' lang='lat' dir='ltr'><strong>valido</strong></span> <span class='ocrx_word' id='word_1_516' title='bbox 855 4248 903 4287; x_wconf 92' lang='lat' dir='ltr'><strong>me</strong></span> <span class='ocrx_word' id='word_1_517' title='bbox 953 4234 1018 4289; x_wconf 90' lang='lat' dir='ltr'><strong>tum</strong></span> <span class='ocrx_word' id='word_1_518' title='bbox 1034 4233 1227 4307; x_wconf 86' lang='lat' dir='ltr'><strong>processisset,</strong></span> <span class='ocrx_word' id='word_1_519' title='bbox 1244 4235 1275 4290; x_wconf 91' lang='lat' dir='ltr'><strong>ut</strong></span> <span class='ocrx_word' id='word_1_520' title='bbox 1291 4233 1578 4289; x_wconf 84' lang='lat' dir='ltr'><strong>llammisvoracibus</strong></span> <span class='ocrx_word' id='word_1_521' title='bbox 1591 4232 1762 4290; x_wconf 86' lang='lat' dir='ltr'><strong>venerabilis</strong></span> 
     </span>
     <span class='ocr_line' id='line_1_66' title="bbox 94 4313 1760 4393; baseline 0.006 -25"><span class='ocrx_word' id='word_1_522' title='bbox 94 4313 336 4386; x_wconf 71' lang='lat' dir='ltr'><strong>alffintwrbere</strong></span> <span class='ocrx_word' id='word_1_523' title='bbox 351 4333 385 4373; x_wconf 86' lang='lat' dir='ltr'><strong>ax</strong></span> <span class='ocrx_word' id='word_1_524' title='bbox 395 4335 452 4391; x_wconf 88' lang='lat' dir='ltr'><strong>quo</strong></span> <span class='ocrx_word' id='word_1_525' title='bbox 465 4319 542 4374; x_wconf 89' lang='lat' dir='ltr'><strong>male</strong></span> <span class='ocrx_word' id='word_1_526' title='bbox 556 4317 667 4374; x_wconf 88' lang='lat' dir='ltr'><strong>habens</strong></span> <span class='ocrx_word' id='word_1_527' title='bbox 677 4319 821 4375; x_wconf 88' lang='lat' dir='ltr'><strong>immenso</strong></span> <span class='ocrx_word' id='word_1_528' title='bbox 838 4335 903 4375; x_wconf 88' lang='lat' dir='ltr'><strong>cru·</strong></span> <span class='ocrx_word' id='word_1_529' title='bbox 953 4319 999 4375; x_wconf 89' lang='lat' dir='ltr'><strong>hic</strong></span> <span class='ocrx_word' id='word_1_530' title='bbox 1013 4321 1102 4390; x_wconf 87' lang='lat' dir='ltr'><strong>locus,</strong></span> <span class='ocrx_word' id='word_1_531' title='bbox 1121 4319 1308 4379; x_wconf 83' lang='lat' dir='ltr'><strong>Floriacensis</strong></span> <span class='ocrx_word' id='word_1_532' title='bbox 1334 4320 1452 4384; x_wconf 84' lang='lat' dir='ltr'><strong>scilicet,</strong></span> <span class='ocrx_word' id='word_1_533' title='bbox 1467 4319 1587 4393; x_wconf 89' lang='lat' dir='ltr'><strong>purgari</strong></span> <span class='ocrx_word' id='word_1_534' title='bbox 1603 4320 1760 4391; x_wconf 87' lang='lat' dir='ltr'><strong>debuisset,</strong></span> 
     </span>
     <span class='ocr_line' id='line_1_67' title="bbox 93 4401 1763 4484; baseline 0.005 -26"><span class='ocrx_word' id='word_1_535' title='bbox 93 4401 155 4460; x_wconf 87' lang='lat' dir='ltr'><strong>einr</strong></span> <span class='ocrx_word' id='word_1_536' title='bbox 168 4405 281 4463; x_wconf 91' lang='lat' dir='ltr'><strong>dolore.</strong></span> <span class='ocrx_word' id='word_1_537' title='bbox 310 4405 367 4462; x_wconf 88' lang='lat' dir='ltr'><strong>Sed</strong></span> <span class='ocrx_word' id='word_1_538' title='bbox 381 4424 441 4472; x_wconf 81' lang='lat' dir='ltr'><strong>vos,</strong></span> <span class='ocrx_word' id='word_1_539' title='bbox 454 4407 584 4464; x_wconf 81' lang='lat' dir='ltr'><strong>fidissimi</strong></span> <span class='ocrx_word' id='word_1_540' title='bbox 614 4407 842 4476; x_wconf 90' lang='lat' dir='ltr'><strong>commilitones,</strong></span> <span class='ocrx_word' id='word_1_541' title='bbox 856 4425 902 4464; x_wconf 88' lang='lat' dir='ltr'><strong>re·</strong></span> <span class='ocrx_word' id='word_1_542' title='bbox 914 4405 942 4470; x_wconf 90' lang='lat' dir='ltr'>D</span> <span class='ocrx_word' id='word_1_543' title='bbox 954 4423 1018 4480; x_wconf 84' lang='lat' dir='ltr'><strong>quae</strong></span> <span class='ocrx_word' id='word_1_544' title='bbox 1033 4411 1063 4463; x_wconf 93' lang='lat' dir='ltr'><strong>et</strong></span> <span class='ocrx_word' id='word_1_545' title='bbox 1075 4412 1193 4482; x_wconf 86' lang='lat' dir='ltr'><strong>quanta,</strong></span> <span class='ocrx_word' id='word_1_546' title='bbox 1210 4407 1328 4483; x_wconf 88' lang='lat' dir='ltr'><strong>perildis</strong></span> <span class='ocrx_word' id='word_1_547' title='bbox 1341 4407 1460 4483; x_wconf 87' lang='lat' dir='ltr'><strong>quidam</strong></span> <span class='ocrx_word' id='word_1_548' title='bbox 1468 4408 1663 4484; x_wconf 89' lang='lat' dir='ltr'><strong>despicienda,</strong></span> <span class='ocrx_word' id='word_1_549' title='bbox 1679 4409 1763 4467; x_wconf 88' lang='lat' dir='ltr'><strong>nobis</strong></span> 
     </span>
     <span class='ocr_line' id='line_1_68' title="bbox 94 4497 1761 4572; baseline 0.004 -24"><span class='ocrx_word' id='word_1_550' title='bbox 94 4497 267 4568; x_wconf 84' lang='lat' dir='ltr'><strong>trogradum</strong></span> <span class='ocrx_word' id='word_1_551' title='bbox 292 4498 392 4552; x_wconf 90' lang='lat' dir='ltr'><strong>callem</strong></span> <span class='ocrx_word' id='word_1_552' title='bbox 405 4498 586 4570; x_wconf 87' lang='lat' dir='ltr'><strong>arripientes,</strong></span> <span class='ocrx_word' id='word_1_553' title='bbox 601 4498 638 4554; x_wconf 89' lang='lat' dir='ltr'><strong>ad</strong></span> <span class='ocrx_word' id='word_1_554' title='bbox 653 4499 774 4554; x_wconf 90' lang='lat' dir='ltr'><strong>domum</strong></span> <span class='ocrx_word' id='word_1_555' title='bbox 785 4515 832 4554; x_wconf 89' lang='lat' dir='ltr'><strong>me</strong></span> <span class='ocrx_word' id='word_1_556' title='bbox 856 4515 902 4554; x_wconf 88' lang='lat' dir='ltr'><strong>re·</strong></span> <span class='ocrx_word' id='word_1_557' title='bbox 954 4499 1051 4552; x_wconf 87' lang='lat' dir='ltr'><strong>autem</strong></span> <span class='ocrx_word' id='word_1_558' title='bbox 1070 4501 1100 4552; x_wconf 92' lang='lat' dir='ltr'><strong>et</strong></span> <span class='ocrx_word' id='word_1_559' title='bbox 1113 4497 1274 4571; x_wconf 88' lang='lat' dir='ltr'><strong>quibusque</strong></span> <span class='ocrx_word' id='word_1_560' title='bbox 1289 4513 1393 4553; x_wconf 89' lang='lat' dir='ltr'><strong>sanum</strong></span> <span class='ocrx_word' id='word_1_561' title='bbox 1412 4497 1591 4572; x_wconf 78' lang='lat' dir='ltr'><strong>sapientibus</strong></span> <span class='ocrx_word' id='word_1_562' title='bbox 1617 4497 1761 4568; x_wconf 88' lang='lat' dir='ltr'><strong>miranda,</strong></span> 
     </span>
     <span class='ocr_line' id='line_1_69' title="bbox 93 4581 1762 4659; baseline 0.004 -23"><span class='ocrx_word' id='word_1_563' title='bbox 93 4581 164 4639; x_wconf 81' lang='lat' dir='ltr'><strong>ferte</strong></span> <span class='ocrx_word' id='word_1_564' title='bbox 179 4599 278 4640; x_wconf 87' lang='lat' dir='ltr'><strong>meam</strong></span> <span class='ocrx_word' id='word_1_565' title='bbox 294 4585 440 4659; x_wconf 88' lang='lat' dir='ltr'><strong>:indeque</strong></span> <span class='ocrx_word' id='word_1_566' title='bbox 468 4587 539 4641; x_wconf 90' lang='lat' dir='ltr'><strong>mihi</strong></span> <span class='ocrx_word' id='word_1_567' title='bbox 566 4586 682 4643; x_wconf 88' lang='lat' dir='ltr'><strong>veniam</strong></span> <span class='ocrx_word' id='word_1_568' title='bbox 704 4585 901 4658; x_wconf 80' lang='lat' dir='ltr'><strong>efflagitaturi,</strong></span> <span class='ocrx_word' id='word_1_569' title='bbox 953 4584 1620 4658; x_wconf 87' lang='lat' dir='ltr'><strong>acciderintprodigia,paucismemorarelibet.</strong></span> <span class='ocrx_word' id='word_1_570' title='bbox 1632 4586 1762 4642; x_wconf 87' lang='lat' dir='ltr'><strong>Primum</strong></span> 
     </span>
     <span class='ocr_line' id='line_1_70' title="bbox 94 4671 1761 4750; baseline 0.004 -26"><span class='ocrx_word' id='word_1_571' title='bbox 94 4671 128 4725; x_wconf 87' lang='lat' dir='ltr'><strong>ad</strong></span> <span class='ocrx_word' id='word_1_572' title='bbox 136 4675 303 4746; x_wconf 87' lang='lat' dir='ltr'><strong>sepulcrum</strong></span> <span class='ocrx_word' id='word_1_573' title='bbox 315 4677 468 4745; x_wconf 87' lang='lat' dir='ltr'><strong>properate</strong></span> <span class='ocrx_word' id='word_1_574' title='bbox 479 4675 649 4730; x_wconf 85' lang='lat' dir='ltr'><strong>confessoris</strong></span> <span class='ocrx_word' id='word_1_575' title='bbox 660 4675 848 4747; x_wconf 81' lang='lat' dir='ltr'><strong>gloriosum.»</strong></span> <span class='ocrx_word' id='word_1_576' title='bbox 860 4674 902 4730; x_wconf 94' lang='lat' dir='ltr'><strong>llli</strong></span> <span class='ocrx_word' id='word_1_577' title='bbox 953 4673 1071 4745; x_wconf 89' lang='lat' dir='ltr'><strong>quidem</strong></span> <span class='ocrx_word' id='word_1_578' title='bbox 1088 4673 1155 4729; x_wconf 87' lang='lat' dir='ltr'><strong>satis</strong></span> <span class='ocrx_word' id='word_1_579' title='bbox 1164 4675 1426 4748; x_wconf 87' lang='lat' dir='ltr'><strong>obstupescendum</strong></span> <span class='ocrx_word' id='word_1_580' title='bbox 1439 4674 1519 4750; x_wconf 90' lang='lat' dir='ltr'><strong>quod</strong></span> <span class='ocrx_word' id='word_1_581' title='bbox 1536 4673 1652 4730; x_wconf 89' lang='lat' dir='ltr'><strong>basilica</strong></span> <span class='ocrx_word' id='word_1_582' title='bbox 1662 4673 1761 4730; x_wconf 88' lang='lat' dir='ltr'><strong>Sancti</strong></span> 
     </span>
     <span class='ocr_line' id='line_1_71' title="bbox 93 4761 1760 4836; baseline 0.005 -23"><span class='ocrx_word' id='word_1_583' title='bbox 93 4761 151 4829; x_wconf 84' lang='lat' dir='ltr'><strong>ejus</strong></span> <span class='ocrx_word' id='word_1_584' title='bbox 167 4763 405 4834; x_wconf 88' lang='lat' dir='ltr'><strong>obtemperantes</strong></span> <span class='ocrx_word' id='word_1_585' title='bbox 417 4763 579 4834; x_wconf 87' lang='lat' dir='ltr'><strong>praeceptis,</strong></span> <span class='ocrx_word' id='word_1_586' title='bbox 593 4763 661 4819; x_wconf 90' lang='lat' dir='ltr'><strong>hinc</strong></span> <span class='ocrx_word' id='word_1_587' title='bbox 675 4762 744 4819; x_wconf 91' lang='lat' dir='ltr'><strong>inde</strong></span> <span class='ocrx_word' id='word_1_588' title='bbox 764 4766 904 4819; x_wconf 89' lang='lat' dir='ltr'><strong>sustenta·</strong></span> <span class='ocrx_word' id='word_1_589' title='bbox 952 4761 1030 4816; x_wconf 89' lang='lat' dir='ltr'><strong>Petri</strong></span> <span class='ocrx_word' id='word_1_590' title='bbox 1045 4761 1183 4835; x_wconf 88' lang='lat' dir='ltr'><strong>principis</strong></span> <span class='ocrx_word' id='word_1_591' title='bbox 1205 4764 1412 4835; x_wconf 87' lang='lat' dir='ltr'><strong>apostolorum,</strong></span> <span class='ocrx_word' id='word_1_592' title='bbox 1429 4761 1534 4820; x_wconf 86' lang='lat' dir='ltr'><strong>casuali</strong></span> <span class='ocrx_word' id='word_1_593' title='bbox 1561 4763 1760 4836; x_wconf 86' lang='lat' dir='ltr'><strong>conflagrante</strong></span> 
     </span>
     <span class='ocr_line' id='line_1_72' title="bbox 92 4845 1761 4924; baseline 0.002 -20"><span class='ocrx_word' id='word_1_594' title='bbox 92 4845 151 4904; x_wconf 77' lang='lat' dir='ltr'><strong>tum</strong></span> <span class='ocrx_word' id='word_1_595' title='bbox 165 4851 245 4905; x_wconf 91' lang='lat' dir='ltr'><strong>unde</strong></span> <span class='ocrx_word' id='word_1_596' title='bbox 265 4849 408 4921; x_wconf 88' lang='lat' dir='ltr'><strong>digressus</strong></span> <span class='ocrx_word' id='word_1_597' title='bbox 434 4850 528 4906; x_wconf 85' lang='lat' dir='ltr'><strong>luerat</strong></span> <span class='ocrx_word' id='word_1_598' title='bbox 546 4851 730 4907; x_wconf 86' lang='lat' dir='ltr'><strong>reduxerunt.</strong></span> <span class='ocrx_word' id='word_1_599' title='bbox 754 4849 807 4915; x_wconf 86' lang='lat' dir='ltr'><strong>Qui</strong></span> <span class='ocrx_word' id='word_1_600' title='bbox 827 4851 903 4907; x_wconf 84' lang='lat' dir='ltr'><strong>inter</strong></span> <span class='ocrx_word' id='word_1_601' title='bbox 952 4847 1405 4923; x_wconf 66' lang='lat' dir='ltr'><strong>incendiumquesanctissima</strong></span> <span class='ocrx_word' id='word_1_602' title='bbox 1420 4851 1618 4907; x_wconf 89' lang='lat' dir='ltr'><strong>DeiGenitrici</strong></span> <span class='ocrx_word' id='word_1_603' title='bbox 1640 4869 1673 4908; x_wconf 92' lang='lat' dir='ltr'><strong>ac</strong></span> <span class='ocrx_word' id='word_1_604' title='bbox 1693 4867 1761 4924; x_wconf 91' lang='lat' dir='ltr'><strong>per-</strong></span> 
     </span>
     <span class='ocr_line' id='line_1_73' title="bbox 93 4938 1761 5013; baseline 0.005 -24"><span class='ocrx_word' id='word_1_605' title='bbox 93 4948 194 4993; x_wconf 89' lang='lat' dir='ltr'><strong>manus</strong></span> <span class='ocrx_word' id='word_1_606' title='bbox 208 4938 399 5008; x_wconf 83' lang='lat' dir='ltr'><strong>famulorum,</strong></span> <span class='ocrx_word' id='word_1_607' title='bbox 419 4940 448 4994; x_wconf 93' lang='lat' dir='ltr'><strong>in</strong></span> <span class='ocrx_word' id='word_1_608' title='bbox 463 4939 524 5013; x_wconf 91' lang='lat' dir='ltr'><strong>ipso</strong></span> <span class='ocrx_word' id='word_1_609' title='bbox 539 4955 615 5012; x_wconf 91' lang='lat' dir='ltr'><strong>pene</strong></span> <span class='ocrx_word' id='word_1_610' title='bbox 634 4939 700 4994; x_wconf 90' lang='lat' dir='ltr'><strong>ostii</strong></span> <span class='ocrx_word' id='word_1_611' title='bbox 710 4939 823 5006; x_wconf 91' lang='lat' dir='ltr'><strong>limine,</strong></span> <span class='ocrx_word' id='word_1_612' title='bbox 839 4938 901 4993; x_wconf 87' lang='lat' dir='ltr'><strong>ani·</strong></span> <span class='ocrx_word' id='word_1_613' title='bbox 951 4939 1261 5012; x_wconf 78' lang='lat' dir='ltr'><strong>petuaellirginildariae</strong></span> <span class='ocrx_word' id='word_1_614' title='bbox 1271 4939 1761 5010; x_wconf 86' lang='lat' dir='ltr'><strong>dicata,ounctisDcminumtimen-</strong></span> 
     </span>
     <span class='ocr_line' id='line_1_74' title="bbox 92 5025 1758 5100; baseline 0.005 -22"><span class='ocrx_word' id='word_1_615' title='bbox 92 5037 169 5080; x_wconf 83' lang='lat' dir='ltr'><strong>tnam</strong></span> <span class='ocrx_word' id='word_1_616' title='bbox 185 5025 328 5094; x_wconf 87' lang='lat' dir='ltr'><strong>reddidit;</strong></span> <span class='ocrx_word' id='word_1_617' title='bbox 349 5027 431 5100; x_wconf 90' lang='lat' dir='ltr'><strong>cujus</strong></span> <span class='ocrx_word' id='word_1_618' title='bbox 446 5027 541 5084; x_wconf 89' lang='lat' dir='ltr'><strong>devoti</strong></span> <span class='ocrx_word' id='word_1_619' title='bbox 555 5027 656 5083; x_wconf 84' lang='lat' dir='ltr'><strong>fideles</strong></span> <span class='ocrx_word' id='word_1_620' title='bbox 673 5026 794 5084; x_wconf 77' lang='lat' dir='ltr'><strong>cenobii</strong></span> <span class='ocrx_word' id='word_1_621' title='bbox 809 5025 902 5082; x_wconf 88' lang='lat' dir='ltr'><strong>Patris</strong></span> <span class='ocrx_word' id='word_1_622' title='bbox 950 5027 1026 5082; x_wconf 87' lang='lat' dir='ltr'><strong>tibus</strong></span> <span class='ocrx_word' id='word_1_623' title='bbox 1042 5025 1238 5099; x_wconf 86' lang='lat' dir='ltr'><strong>multipliciter</strong></span> <span class='ocrx_word' id='word_1_624' title='bbox 1258 5028 1438 5100; x_wconf 87' lang='lat' dir='ltr'><strong>diligendum</strong></span> <span class='ocrx_word' id='word_1_625' title='bbox 1459 5028 1567 5084; x_wconf 91' lang='lat' dir='ltr'><strong>retinet</strong></span> <span class='ocrx_word' id='word_1_626' title='bbox 1579 5029 1758 5099; x_wconf 86' lang='lat' dir='ltr'><strong>thesaurum,</strong></span> 
     </span>
     <span class='ocr_line' id='line_1_75' title="bbox 90 5109 1758 5188; baseline 0.005 -22"><span class='ocrx_word' id='word_1_627' title='bbox 90 5109 347 5171; x_wconf 84' lang='lat' dir='ltr'><strong>Benedictilratres</strong></span> <span class='ocrx_word' id='word_1_628' title='bbox 358 5114 899 5183; x_wconf 86' lang='lat' dir='ltr'><strong>adeuntes,eventumreiinnotescunt,</strong></span> <span class='ocrx_word' id='word_1_629' title='bbox 950 5131 1053 5188; x_wconf 89' lang='lat' dir='ltr'><strong>eorpus</strong></span> <span class='ocrx_word' id='word_1_630' title='bbox 1067 5115 1200 5172; x_wconf 87' lang='lat' dir='ltr'><strong>videlicet</strong></span> <span class='ocrx_word' id='word_1_631' title='bbox 1222 5115 1380 5174; x_wconf 87' lang='lat' dir='ltr'><strong>sanctisimi</strong></span> <span class='ocrx_word' id='word_1_632' title='bbox 1396 5114 1489 5174; x_wconf 89' lang='lat' dir='ltr'><strong>Patris</strong></span> <span class='ocrx_word' id='word_1_633' title='bbox 1499 5117 1656 5187; x_wconf 87' lang='lat' dir='ltr'><strong>Benedicti,</strong></span> <span class='ocrx_word' id='word_1_634' title='bbox 1670 5117 1758 5174; x_wconf 86' lang='lat' dir='ltr'><strong>illaesa</strong></span> 
     </span>
     <span class='ocr_line' id='line_1_76' title="bbox 89 5203 1757 5278; baseline 0.002 -22"><span class='ocrx_word' id='word_1_635' title='bbox 89 5205 370 5275; x_wconf 70' lang='lat' dir='ltr'><strong>petentaequetenus</strong></span> <span class='ocrx_word' id='word_1_636' title='bbox 384 5205 428 5259; x_wconf 88' lang='lat' dir='ltr'><strong>vel</strong></span> <span class='ocrx_word' id='word_1_637' title='bbox 441 5203 561 5259; x_wconf 87' lang='lat' dir='ltr'><strong>cadaver</strong></span> <span class='ocrx_word' id='word_1_638' title='bbox 573 5203 705 5258; x_wconf 87' lang='lat' dir='ltr'><strong>exanime</strong></span> <span class='ocrx_word' id='word_1_639' title='bbox 720 5203 758 5258; x_wconf 92' lang='lat' dir='ltr'><strong>ad</strong></span> <span class='ocrx_word' id='word_1_640' title='bbox 776 5204 901 5274; x_wconf 90' lang='lat' dir='ltr'><strong>sepultu·</strong></span> <span class='ocrx_word' id='word_1_641' title='bbox 949 5204 1065 5260; x_wconf 87' lang='lat' dir='ltr'><strong>resedit.</strong></span> <span class='ocrx_word' id='word_1_642' title='bbox 1082 5205 1145 5260; x_wconf 89' lang='grc' dir='ltr'><strong>Νοιι</strong></span> <span class='ocrx_word' id='word_1_643' title='bbox 1155 5205 1248 5261; x_wconf 90' lang='lat' dir='ltr'><strong>solum</strong></span> <span class='ocrx_word' id='word_1_644' title='bbox 1258 5209 1354 5262; x_wconf 89' lang='lat' dir='ltr'><strong>autem</strong></span> <span class='ocrx_word' id='word_1_645' title='bbox 1363 5206 1413 5262; x_wconf 90' lang='lat' dir='ltr'><strong>illa</strong></span> <span class='ocrx_word' id='word_1_646' title='bbox 1426 5207 1645 5278; x_wconf 78' lang='lat' dir='ltr'><strong>quaeeexaginta</strong></span> <span class='ocrx_word' id='word_1_647' title='bbox 1654 5209 1684 5261; x_wconf 92' lang='lat' dir='ltr'><strong>et</strong></span> <span class='ocrx_word' id='word_1_648' title='bbox 1696 5219 1757 5260; x_wconf 89' lang='lat' dir='ltr'><strong>non</strong></span> 
     </span>
     <span class='ocr_line' id='line_1_77' title="bbox 89 5289 1757 5366; baseline 0.003 -21"><span class='ocrx_word' id='word_1_649' title='bbox 89 5301 150 5345; x_wconf 78' lang='lat' dir='ltr'><strong>nm</strong></span> <span class='ocrx_word' id='word_1_650' title='bbox 164 5292 333 5366; x_wconf 88' lang='lat' dir='ltr'><strong>suscipiant.</strong></span> <span class='ocrx_word' id='word_1_651' title='bbox 363 5292 470 5357; x_wconf 85' lang='lat' dir='ltr'><strong>Quibus</strong></span> <span class='ocrx_word' id='word_1_652' title='bbox 481 5293 532 5361; x_wconf 89' lang='lat' dir='ltr'><strong>illi,</strong></span> <span class='ocrx_word' id='word_1_653' title='bbox 544 5293 673 5366; x_wconf 87' lang='lat' dir='ltr'><strong>quamvis</strong></span> <span class='ocrx_word' id='word_1_654' title='bbox 691 5289 900 5364; x_wconf 87' lang='lat' dir='ltr'><strong>indignationis</strong></span> <span class='ocrx_word' id='word_1_655' title='bbox 949 5294 1043 5348; x_wconf 85' lang='lat' dir='ltr'><strong>multo</strong></span> <span class='ocrx_word' id='word_1_656' title='bbox 1064 5293 1187 5366; x_wconf 89' lang='lat' dir='ltr'><strong>amplius</strong></span> <span class='ocrx_word' id='word_1_657' title='bbox 1202 5294 1239 5349; x_wconf 90' lang='lat' dir='ltr'><strong>ab</strong></span> <span class='ocrx_word' id='word_1_658' title='bbox 1265 5293 1327 5366; x_wconf 88' lang='lat' dir='ltr'><strong>ipsa</strong></span> <span class='ocrx_word' id='word_1_659' title='bbox 1354 5293 1479 5350; x_wconf 88' lang='lat' dir='ltr'><strong>distabat</strong></span> <span class='ocrx_word' id='word_1_660' title='bbox 1501 5293 1640 5366; x_wconf 85' lang='lat' dir='ltr'><strong>passibus,</strong></span> <span class='ocrx_word' id='word_1_661' title='bbox 1655 5305 1757 5350; x_wconf 83' lang='lat' dir='ltr'><strong>verum</strong></span> 
     </span>
     <span class='ocr_line' id='line_1_78' title="bbox 89 5378 1757 5454; baseline 0.005 -24"><span class='ocrx_word' id='word_1_662' title='bbox 89 5381 214 5450; x_wconf 84' lang='lat' dir='ltr'><strong>suspecti</strong></span> <span class='ocrx_word' id='word_1_663' title='bbox 229 5378 343 5437; x_wconf 87' lang='lat' dir='ltr'><strong>abbatis</strong></span> <span class='ocrx_word' id='word_1_664' title='bbox 354 5381 460 5454; x_wconf 91' lang='lat' dir='ltr'><strong>sui,qni</strong></span> <span class='ocrx_word' id='word_1_665' title='bbox 474 5385 537 5436; x_wconf 91' lang='lat' dir='ltr'><strong>tum</strong></span> <span class='ocrx_word' id='word_1_666' title='bbox 553 5381 900 5449; x_wconf 84' lang='lat' dir='ltr'><strong>sorteaherat,assensnm</strong></span> <span class='ocrx_word' id='word_1_667' title='bbox 949 5381 1082 5437; x_wconf 85' lang='lat' dir='ltr'><strong>universe</strong></span> <span class='ocrx_word' id='word_1_668' title='bbox 1105 5381 1182 5438; x_wconf 90' lang='lat' dir='ltr'><strong>intra</strong></span> <span class='ocrx_word' id='word_1_669' title='bbox 1206 5383 1348 5439; x_wconf 91' lang='lat' dir='ltr'><strong>ambitum</strong></span> <span class='ocrx_word' id='word_1_670' title='bbox 1364 5379 1449 5437; x_wconf 89' lang='lat' dir='ltr'><strong>castri</strong></span> <span class='ocrx_word' id='word_1_671' title='bbox 1464 5381 1624 5437; x_wconf 88' lang='lat' dir='ltr'><strong>admodum</strong></span> <span class='ocrx_word' id='word_1_672' title='bbox 1643 5383 1757 5438; x_wconf 84' lang='lat' dir='ltr'><strong>arctum</strong></span> 
     </span>
     <span class='ocr_line' id='line_1_79' title="bbox 87 5467 1757 5544; baseline 0.002 -23"><span class='ocrx_word' id='word_1_673' title='bbox 87 5469 263 5538; x_wconf 73' lang='lat' dir='ltr'><strong>prebentes,</strong></span> <span class='ocrx_word' id='word_1_674' title='bbox 287 5473 450 5544; x_wconf 88' lang='lat' dir='ltr'><strong>susceptum</strong></span> <span class='ocrx_word' id='word_1_675' title='bbox 465 5487 569 5542; x_wconf 88' lang='lat' dir='ltr'><strong>corpus</strong></span> <span class='ocrx_word' id='word_1_676' title='bbox 582 5471 672 5526; x_wconf 91' lang='lat' dir='ltr'><strong>humo</strong></span> <span class='ocrx_word' id='word_1_677' title='bbox 683 5471 827 5526; x_wconf 85' lang='lat' dir='ltr'><strong>texerunt.</strong></span> <span class='ocrx_word' id='word_1_678' title='bbox 846 5467 900 5534; x_wconf 86' lang='lat' dir='ltr'><strong>Qui</strong></span> <span class='ocrx_word' id='word_1_679' title='bbox 950 5473 1115 5526; x_wconf 89' lang='lat' dir='ltr'><strong>constructa</strong></span> <span class='ocrx_word' id='word_1_680' title='bbox 1128 5471 1259 5544; x_wconf 84' lang='lat' dir='ltr'><strong>aedificia,</strong></span> <span class='ocrx_word' id='word_1_681' title='bbox 1275 5487 1334 5528; x_wconf 91' lang='lat' dir='ltr'><strong>uno</strong></span> <span class='ocrx_word' id='word_1_682' title='bbox 1356 5471 1495 5527; x_wconf 87' lang='lat' dir='ltr'><strong>duntaxat</strong></span> <span class='ocrx_word' id='word_1_683' title='bbox 1507 5470 1613 5526; x_wconf 90' lang='lat' dir='ltr'><strong>horreo</strong></span> <span class='ocrx_word' id='word_1_684' title='bbox 1628 5469 1757 5526; x_wconf 88' lang='lat' dir='ltr'><strong>ardentis</strong></span> 
     </span>
     <span class='ocr_line' id='line_1_80' title="bbox 86 5553 1755 5633; baseline 0.004 -24"><span class='ocrx_word' id='word_1_685' title='bbox 86 5553 142 5610; x_wconf 79' lang='lat' dir='ltr'><strong>etsi</strong></span> <span class='ocrx_word' id='word_1_686' title='bbox 155 5573 208 5628; x_wconf 90' lang='lat' dir='ltr'><strong>pro</strong></span> <span class='ocrx_word' id='word_1_687' title='bbox 218 5561 302 5630; x_wconf 91' lang='lat' dir='ltr'><strong>parta</strong></span> <span class='ocrx_word' id='word_1_688' title='bbox 315 5558 368 5614; x_wconf 90' lang='lat' dir='ltr'><strong>sibi</strong></span> <span class='ocrx_word' id='word_1_689' title='bbox 390 5558 486 5631; x_wconf 87' lang='lat' dir='ltr'><strong>quieta</strong></span> <span class='ocrx_word' id='word_1_690' title='bbox 498 5557 727 5630; x_wconf 88' lang='lat' dir='ltr'><strong>applaudebant,</strong></span> <span class='ocrx_word' id='word_1_691' title='bbox 738 5559 787 5632; x_wconf 90' lang='lat' dir='ltr'><strong>pia</strong></span> <span class='ocrx_word' id='word_1_692' title='bbox 798 5561 899 5614; x_wconf 67' lang='lat' dir='ltr'><strong>minen</strong></span> <span class='ocrx_word' id='word_1_693' title='bbox 950 5560 1187 5633; x_wconf 82' lang='lat' dir='ltr'><strong>ecclesiaeparieti</strong></span> <span class='ocrx_word' id='word_1_694' title='bbox 1197 5560 1375 5629; x_wconf 70' lang='lat' dir='ltr'><strong>adhaerente,</strong></span> <span class='ocrx_word' id='word_1_695' title='bbox 1389 5560 1556 5632; x_wconf 89' lang='lat' dir='ltr'><strong>incorrupte</strong></span> <span class='ocrx_word' id='word_1_696' title='bbox 1571 5575 1705 5616; x_wconf 88' lang='lat' dir='ltr'><strong>mansere</strong></span> <span class='ocrx_word' id='word_1_697' title='bbox 1718 5557 1755 5616; x_wconf 84' lang='lat' dir='ltr'><strong>ab</strong></span> 
     </span>
     <span class='ocr_line' id='line_1_81' title="bbox 86 5645 1757 5730; baseline 0.001 -23"><span class='ocrx_word' id='word_1_698' title='bbox 86 5646 291 5720; x_wconf 61' lang='lat' dir='ltr'><strong>wmpessione</strong></span> <span class='ocrx_word' id='word_1_699' title='bbox 304 5646 439 5706; x_wconf 79' lang='lat' dir='ltr'><strong>defuncto</strong></span> <span class='ocrx_word' id='word_1_700' title='bbox 454 5647 717 5724; x_wconf 89' lang='lat' dir='ltr'><strong>compatiebantur,</strong></span> <span class='ocrx_word' id='word_1_701' title='bbox 733 5663 768 5705; x_wconf 90' lang='lat' dir='ltr'><strong>eo</strong></span> <span class='ocrx_word' id='word_1_702' title='bbox 779 5647 898 5723; x_wconf 86' lang='lat' dir='ltr'><strong>quadiu</strong></span> <span class='ocrx_word' id='word_1_703' title='bbox 933 5646 1077 5730; x_wconf 81' lang='lat' dir='ltr'><strong>ignibus.</strong></span> <span class='ocrx_word' id='word_1_704' title='bbox 1096 5651 1220 5709; x_wconf 82' lang='lat' dir='ltr'><strong>Acoreus</strong></span> <span class='ocrx_word' id='word_1_705' title='bbox 1244 5663 1360 5724; x_wconf 85' lang='lat' dir='ltr'><strong>quoque</strong></span> <span class='ocrx_word' id='word_1_706' title='bbox 1384 5645 1514 5723; x_wconf 78' lang='lat' dir='ltr'><strong>frugum,</strong></span> <span class='ocrx_word' id='word_1_707' title='bbox 1530 5663 1619 5724; x_wconf 69' lang='lat' dir='ltr'><strong>mrem</strong></span> <span class='ocrx_word' id='word_1_708' title='bbox 1642 5649 1757 5708; x_wconf 78' lang='lat' dir='ltr'><strong>matun</strong></span> 
     </span>
    </p>
   </div>
   <div class='ocr_carea' id='block_1_11' title="bbox 0 0 1980 6176">
    <p class='ocr_par' dir='ltr' id='par_1_14' title="bbox 0 0 1980 6176">
     <span class='ocr_line' id='line_1_82' title="bbox 0 0 1980 6176; baseline 0 7"><span class='ocrx_word' id='word_1_709' title='bbox 0 0 1980 6176; x_wconf 95' lang='lat' dir='ltr'><strong> </strong></span> 
     </span>
    </p>
   </div>
  </div>
 </body>
</html>
