3944 6186
111 410 165 463 usa
764 411 842 468 vrri
862 413 891 468 a.
911 401 1086 470 aamccr.'
1584 479 1588 494 ,
1682 419 1752 478 iret

106 527 150 582 sub
162 525 240 582 beato
264 526 396 600 Sulpitio,
419 526 448 582 in
468 529 547 601 cujus
569 530 712 586 honorem
731 535 844 588 constat
859 533 932 597 abA
945 531 1011 604 ipsis
1022 533 1075 588 nisi
1092 533 1210 590 beatum
1219 534 1387 592 Remaclum
1399 535 1566 608 episcopum
1578 535 1694 609 prefect
1706 540 1754 596 de-

105 615 193 670 eodem
216 618 315 672 sancto
338 616 399 672 viro
420 619 576 688 permultas
597 619 627 673 in
650 625 748 676 nostra
781 621 895 678 dioecesi
945 621 1092 694 be1·e:qui
1115 619 1151 677 sit
1172 625 1200 678 el
1220 625 1280 680 Deo
1305 627 1334 679 et
1356 625 1522 680 hominibus
1547 625 1660 689 charus,
1682 629 1753 684 nulli

78 753 86 773 ,
104 703 220 759 ccclesias
236 703 352 760 dicatas.
367 704 419 759 Ubi
435 708 533 761 autem
556 706 692 775 adolevit,
714 711 742 761 et
764 713 850 781 prout
862 726 897 764 ea
946 709 1006 779 ejus
1019 710 1110 765 aetatis
1129 712 1279 766 sanctitate
1296 713 1446 781 secundus,
1460 711 1597 784 angelicis
1606 713 1754 784 spiritibus

103 792 199 846 ferebat
211 795 291 856 etas,
301 793 388 848 totius
399 793 571 865 integritatis
583 799 612 850 ot
627 796 779 866 probitatis
788 798 897 852 fructus
946 801 1053 868 gratus,
1071 799 1179 854 cunctis
1193 801 1364 856 mortalibus
1376 800 1610 873 suscipienduset
1619 817 1754 859 reveren-

102 880 219 951 protulit‚
239 881 324 936 beato
337 881 428 953 Eligio
442 883 662 938 commendatus
678 887 730 953 est,
746 887 806 940 viro
820 885 896 940 inter
946 886 1008 944 dus.
1026 887 1091 956 Ejus
1106 904 1136 942 se
1152 888 1242 942 multa
1267 893 1400 960 expertos
1423 889 1576 952 beneficia,
1595 890 1696 946 crebro
1725 895 1753 948 et

103 967 249 1038 ejusaetalis
261 967 396 1024 homines
408 969 580 1026 meritorum
591 971 776 1042 gratiafacile
786 973 829 1044 pri
835 991 896 1029 mo.

102 1059 124 1112 ls
135 1073 193 1112 rcro
203 1057 232 1112 in
245 1056 483 1113 Sollemnincensi
501 1059 744 1133 (solemniapcensi)
753 1066 897 1116 monaste·

102 1146 150 1212 rio,
163 1146 236 1218 quod
251 1144 312 1218 ipse
322 1147 408 1201 ineuo
420 1145 510 1201 fundo
525 1148 721 1216 construebat,
732 1165 798 1203 eum
809 1149 896 1204 sacris

102 1234 256 1290 monastica
269 1234 427 1306 disciplina*
435 1235 662 1302 institutionibus
673 1240 770 1292 exacte
779 1237 893 1293 imbuit.

946 975 1023 1047 apud
1038 980 1173 1045 regemet
1183 993 1317 1048 proceres
1330 980 1455 1032 multum
1464 977 1532 1051 ipsis
1543 979 1603 1049 ejus
1613 979 1754 1050 profuisse

946 1062 1338 1134 sutfragiaoommemorant.
1366 1067 1421 1120 Nec
1442 1065 1504 1136 ejus
1526 1065 1678 1122 obscuram
1693 1084 1754 1124 esse

946 1151 1142 1226 prudentiam,
1155 1153 1204 1225 qui
1219 1169 1279 1208 non
1295 1169 1363 1209 raro
1375 1153 1462 1226 regiis
1473 1154 1756 1212 consiliisadhibitus

946 1240 1754 1314 sitSuppetercsiscientiamscripturarummndepossit

102 1323 897 1395 lntantumeulampiusadolescensejusmonitisobtem·
942 1331 975 1402 et
990 1332 1088 1384 vetera
1100 1332 1129 1384 et
1143 1345 1218 1384 nova
1233 1330 1373 1401 prolerre.
1390 1332 1518 1403 Denique
1531 1332 1603 1386 nihil
1613 1331 1639 1387 ei
1652 1349 1753 1390 earum
1785 1341 1786 1346 ’

101 1411 209 1482 pararit,
226 1414 267 1478 ut,
277 1409 374 1465 divina
386 1411 750 1483 incogratiaexuberante,
763 1414 897 1470 omnibus
946 1433 1043 1472 rerum
1060 1418 1157 1472 deesse
1171 1417 1274 1488 quibus
1296 1421 1452 1490 Apostolus
1466 1419 1633 1492 episcopum
1649 1421 1753 1478 instru-

101 1499 127 1553 in
141 1515 170 1553 eo
196 1499 377 1554 monasterio
395 1499 507 1555 Christo
527 1500 728 1571 militantibus,
748 1502 896 1574 ‘religiosae
947 1509 1024 1560 ctum
1043 1521 1105 1560 esse
1116 1506 1193 1560 velit.
1210 1506 1245 1560 lis
1259 1506 1444 1564 sermonibus
1455 1507 1633 1563 rexcomiter
1647 1511 1675 1562 et
1687 1524 1755 1580 pro·

101 1586 314 1642 conversationis
328 1586 364 1640 de
380 1603 409 1642 se
421 1589 551 1660 exempla
566 1589 719 1661 praeberet,
732 1591 799 1645 Erat
813 1591 897 1646 inVi-
946 1608 1036 1664 penso
1056 1593 1146 1648 animi
1160 1593 1258 1650 farore
1282 1596 1451 1664 assentiens,
1478 1610 1639 1666 eorumque
1657 1595 1756 1652 studiis

101 1673 166 1744 giliis
179 1672 318 1739 assiduus,
334 1673 364 1728 in
380 1675 512 1745 precibus
528 1691 648 1746 pernox,
679 1677 898 1738 inabstinentia
948 1681 1157 1748 obsecundans,
1188 1683 1287 1737 statuit
1315 1687 1452 1753 praestare
1482 1684 1559 1755 quod
1586 1683 1755 1755 rogabatur.

102 1762 250 1832 precipuus
280 1762 310 1816 in
342 1763 476 1818 universa
496 1779 615 1818 morum
643 1765 808 1836 integritate
819 1783 897 1838 prae-
946 1769 1072 1824 accersit
1087 1769 1176 1840 igitur
1191 1769 1271 1825 adse
1287 1771 1405 1826 beatum
1423 1772 1603 1836 Remaclum,
1627 1773 1755 1829 eteade

100 1849 191 1904 clarus.
218 1850 346 1905 Cernens
370 1851 470 1906 beatus
492 1851 612 1925 Eligius,
638 1853 682 1908 cui
698 1855 820 1910 traditus
835 1860 978 1921 eratBre
996 1873 1060 1912 cum
1082 1874 1116 1912 eo
1143 1857 1256 1914 confert
1282 1875 1461 1930 sermonem,
1484 1862 1514 1913 et
1533 1861 1610 1914 certe
1635 1859 1690 1914 dici
1711 1859 1755 1914 vir

100 1939 298 2010 aparentibus,
320 1940 382 2011 ejus
403 1940 545 2011 profectui
571 1941 662 1996 animi
684 1945 810 2014 quadam
836 1946 896 2000 ala·
947 1949 1033 2018 queat
1048 1950 1158 2019 quanta
1173 1946 1313 2003 orationis
1322 1947 1460 2003 suavitate
1486 1947 1523 2003 ad
1537 1948 1564 2003 ei
1578 1947 1755 2018 persuaden-

99 2028 190 2082 critate
228 2029 443 2098 congratulans,
478 2045 578 2099 curam
613 2031 709 2102 gregis
734 2032 788 2086 sibi
817 2049 896 2088 curn-
948 2033 1017 2088 dum
1034 2049 1099 2088 usus
1111 2034 1158 2102 sit,
1172 2051 1318 2106 quamque
1334 2034 1375 2089 illi
1390 2035 1754 2092 modisomnibusrirsan·

98 2115 169 2168 missi
192 2115 220 2170 in
248 2131 314 2170 eum
342 2117 499 2182 transtulit,
529 2133 594 2172 suas
621 2117 646 2172 ei
674 2119 748 2173 vices
776 2119 897 2176 deman·
947 2123 1753 2196 tusobluctatussit.Atrax,sacerdotumetprocerum

97 2203 173 2270 dans,
199 2220 324 2276 eumque
350 2205 402 2259 sibi
437 2205 626 2264 substituens.
660 2205 897 2280 Compellebatur
946 2210 1036 2264 fretus
1050 2211 1181 2279 consilio,
1195 2213 1231 2268 ab
1247 2211 1410 2268 intentione
1425 2230 1477 2268 sua
1495 2229 1554 2267 uon
1571 2212 1689 2269 destitit.

20 2339 28 2350 ,
97 2293 170 2346 enim
184 2291 279 2346 redire
294 2292 331 2347 ad
351 2292 491 2363 palatium
517 2294 603 2365 regis,
631 2298 660 2349 et
682 2312 765 2351 suam
789 2297 898 2366 eiope·
980 2298 1363 2370 TandemvirDei,reritus
1383 2317 1419 2356 ne
1436 2300 1756 2359 divinaeresisleretvo·

95 2396 155 2434 ram
169 2397 282 2436 navare.
299 2381 401 2436 Postea
415 2397 482 2437 vero
498 2383 585 2454 longe
607 2384 724 2456 lateque
745 2389 896 2456 sparsaest
927 2423 930 2429 ·
948 2387 1060 2454 luntati,
1077 2386 1181 2442 invitus
1193 2388 1312 2460 quidem
1325 2387 1465 2460 septimus
1479 2391 1508 2443 et
1525 2389 1755 2446 vicesimus'fun-

94 2469 411 2525 famasanotitatisritae
426 2470 496 2541 ejus,
520 2475 549 2526 et
572 2472 608 2526 ad
623 2471 699 2542 ipsos
722 2473 809 2529 etiam
823 2476 895 2530 aulae
946 2475 1043 2547 grensi
1058 2477 1100 2531 vel
1115 2476 1289 2547 Trajectensi
1312 2477 1442 2532 Ecclesiae
1466 2478 1585 2533 antistes
1610 2477 1707 2534 datur:
1724 2481 1756 2534 ut

92 2574 224 2629 proceres
240 2558 382 2630 pervenit.
399 2559 509 2632 ltaque,
529 2559 626 2615 divina
637 2561 665 2616 id
680 2565 784 2634 agente
800 2564 894 2634 provi·
947 2565 1025 2619 verbi
1040 2564 1128 2620 divini
1148 2565 1270 2634 semina,
1283 2583 1347 2639 quae
1363 2567 1503 2622 hactenus
1518 2566 1595 2639 apud
1610 2584 1640 2622 se
1650 2569 1758 2624 celare-

92 2646 199 2712 dentia,
215 2663 275 2702 non
284 2648 378 2718 potuit
390 2648 518 2715 lucerne,
534 2648 637 2704 dirinae
658 2651 758 2722 gratiae
776 2667 895 2706 accensa
946 2657 1000 2722 rat,
1014 2654 1144 2725 pluribus
1166 2654 1340 2726 impertiret.

91 2734 216 2805 ignibus,
225 2735 276 2790 sub
288 2736 415 2808 propriae
427 2736 666 2792 considerationis
678 2737 775 2794 modio
787 2741 893 2795 latere:
980 2742 1024 2798 ιιι.
1051 2741 1113 2807 Qua
1136 2758 1203 2798 vero
1235 2743 1387 2816 religione,
1414 2761 1471 2817 qua
1492 2743 1659 2817 integritate
1685 2747 1755 2802 illud

90 2823 142 2878 sed
156 2825 188 2886 ut
200 2822 312 2878 desides
323 2822 351 2877 in
368 2823 437 2878 lldei
453 2825 601 2898 proposito
613 2827 649 2881 ab
665 2843 699 2881 ea
709 2828 809 2883 lumen
825 2828 897 2883 acci·
947 2847 1050 2886 munus
1062 2836 1210 2887 exsecutus
1226 2832 1272 2900 sit,
1289 2849 1341 2888 nos
1357 2833 1499 2905 explicare
1515 2835 1679 2906 nequimus,
1688 2851 1754 2889 curn

89 2912 204 2982 pereat,
216 2910 390 2967 candelabro
407 2912 543 2984 imposita
550 2917 602 2969 est.
617 2916 648 2970 ln
660 2916 726 2971 aula
741 2917 817 2988 regis
831 2933 897 2988 pro·
946 2935 1013 2974 mox
1026 2919 1129 2992 inipso
1141 2919 1333 2976 ordinationis
1348 2920 1497 2991 ejusinitio
1513 2924 1623 2976 tantam
1634 2921 1661 2976 ei
1674 2919 1754 2977 verbi

89 3000 247 3070 mulgetur,
258 3001 894 3074 tantumrirumregisprmsentiaedeessenon
946 3008 1069 3078 gratiam
1083 3007 1211 3063 Christus
1220 3009 1341 3081 largitus
1349 3008 1396 3074 sit,
1409 3011 1440 3064 ut
1454 3024 1558 3064 ornnes
1572 3009 1755 3080 promptissi-

88 3088 207 3156 debere,
223 3091 254 3143 ut
265 3089 325 3158 ejus
341 3087 497 3161 prudentia
509 3091 593 3162 regni
609 3091 726 3163 negotia
739 3092 895 3164 disponan-
947 3112 1010 3150 mos
1029 3112 1090 3152 sese
1115 3095 1151 3150 ad
1176 3096 1440 3166 obtemperandum
1457 3096 1637 3165 exhiberent,
1666 3114 1754 3152 nemo

87 3181 147 3242 tur,
163 3177 243 3247 cujus
259 3181 318 3231 tarn
333 3176 454 3232 illustria
469 3178 642 3234 meritorum
658 3179 782 3252 insignia
795 3197 896 3236 cerue—
947 3189 1020 3239 esset
1035 3184 1084 3256 qui
1098 3199 1157 3239 non
1171 3183 1309 3240 exanimo
1317 3200 1384 3238 eum
1400 3184 1548 3256 diligeret:
1558 3186 1754 3259 unusquisque

85 3270 200 3320 rentur.
210 3266 436 3337 Evocaturergo,
446 3269 477 3320 ut
485 3282 539 3337 par
548 3271 619 3335 erat,
629 3269 798 3338 honorilice,
810 3273 896 3350 atque
946 3273 983 3328 ad
994 3273 1055 3344 ejus
1064 3289 1093 3327 se
1101 3271 1263 3328 doctrinam
1271 3273 1455 3328 conformare
1464 3289 1517 3345 pro
1529 3273 1637 3330 viribus
1646 3274 1754 3330 nitere-

84 3355 115 3408 in
137 3351 215 3425 regis
229 3354 369 3423 palatium
396 3355 602 3424 introducitur,
625 3372 734 3428 magno
750 3357 894 3430 deinceps,
946 3356 1002 3406 tur·
1016 3352 1141 3416 Nullain
1167 3353 1228 3424 ejus
1247 3353 1377 3408 moribus
1397 3354 1564 3425 arrogantia
1585 3353 1635 3409 sed
1657 3356 1754 3426 totum

83 3445 117 3496 ut
130 3442 173 3496 rei
185 3445 251 3514 post
262 3445 381 3498 eventus
403 3443 509 3512 docuit,
533 3443 670 3499 omnibus
692 3446 794 3502 solatio
818 3448 896 3503 futu.
945 3440 1026 3496 illum
1041 3441 1094 3496 sibi
1104 3440 1360 3496 sanctahumilitas
1371 3441 1544 3498 vindicabat.
1554 3443 1675 3516 Superbi
1686 3460 1754 3498 eum

83 3547 147 3585 rus.
945 3531 1154 3585 reverebantur
1177 3533 1208 3584 ut
1234 3529 1431 3602 superiorem:
1453 3531 1579 3586 humiles
1596 3533 1753 3604 amplecte·

121 3619 170 3676 lll.
188 3619 242 3674 Per
253 3619 332 3675 idem
341 3619 433 3675 ferme
443 3625 558 3696 tempus
569 3624 669 3679 beatus
679 3624 814 3693 loannes,
822 3625 896 3680 Tun·
946 3619 1052 3674 bantur
1063 3623 1093 3673 ιιι
1101 3618 1316 3690 fratremErga
1328 3635 1431 3675 omnes
1442 3620 1656 3677 communierat
1663 3621 1754 3678 animi

79 3708 239 3782 grensium
253 3709 298 3763 rei
311 3709 537 3780 'frajectensium
548 3712 701 3767 Ecclesiam
714 3712 835 3768 feliciter
846 3730 896 3785 gu·
945 3707 1146 3763 benevolentia
1161 3711 1189 3763 et
1203 3724 1314 3765 amore.
1331 3709 1362 3762 ln
1385 3708 1469 3764 terris
1494 3709 1604 3782 degens
1619 3727 1752 3782 corpore,

78 3796 392 3864 bernans,.hominem
409 3798 494 3853 exuit.
512 3799 602 3855 Porro
612 3799 734 3872 inclytus
744 3814 793 3856 ren
805 3802 896 3873 bago·
946 3795 1046 3852 habitu
1056 3799 1085 3850 et
1100 3797 1229 3852 moribus
1238 3797 1383 3852 coelestem
1398 3813 1428 3850 se
1444 3796 1618 3856 declarabat.
1630 3801 1754 3870 bspoctu

79 3887 199 3954 bertus,
222 3886 271 3957 qui
281 3886 357 3957 patri
373 3886 497 3943 Clolario
514 3887 544 3943 in
567 3889 737 3944 monarchia
752 3892 895 3960 successit,
947 3885 1103 3956 angelicus,
1133 3883 1246 3938 incessu
1278 3879 1465 3960 θῡῦψῠδὶιίιθ,
1487 3885 1600 3941 actione
1627 3890 1754 3950 sanctus,

77 3975 208 4030 beatum
228 3973 394 4030 Amandum
409 3975 458 4048 qui
476 3975 512 4030 ad
535 3977 764 4048 praedicandum,
785 3981 816 4034 ut
834 3983 895 4037 tum
946 3973 1754 4046 integerrirnuscorpore,solertissimusanimo,inopere

77 4063 180 4118 moris
196 4073 269 4130 erat,
283 4063 374 4118 lactus
387 4063 482 4120 fuerat
492 4065 651 4138 episcopus,
669 4066 743 4121 adse
760 4067 897 4123 accersis·
947 4061 1181 4134 circumspectus,
1195 4061 1313 4133 ingenio
1325 4063 1609 4150 eccellens,magnus
1619 4063 1752 4128 oonsilio,

78 4155 140 4218 rat,
157 4155 191 4206 et
203 4151 270 4224 quia
285 4169 351 4206 cum
367 4152 473 4224 iuJurie
484 4169 550 4208 eum
566 4156 724 4226 expulerat,
741 4157 776 4210 ab
797 4156 845 4212 illo
859 4157 896 4212 ob
949 4150 1004 4205 lide
1020 4150 1185 4213 catholicus,
1197 4166 1245 4221 spe
1261 4150 1497 4222 patientissimus,
1509 4151 1649 4204 charitate
1668 4149 1753 4204 diffu-

75 4240 226 4312 quaedam
245 4240 375 4314 facinora
397 4242 599 4312 reprehensus,
622 4243 770 4300 nitebatur
792 4245 898 4299 arctius
948 4257 1004 4294 sus.
1022 4240 1107 4309 Cujus
1117 4237 1193 4311 apud
1205 4240 1295 4294 lleum
1305 4238 1403 4293 meriti
1419 4241 1493 4293 esset
1507 4238 1582 4293 facta
1593 4237 1653 4308 ejus
1666 4241 1755 4294 testa-

70 4331 167 4385 illum
186 4328 337 4384 devincere
352 4329 404 4385 sibi
427 4345 479 4402 per
502 4329 646 4402 Sigeberli
670 4331 722 4385 lllii
744 4333 786 4387 sui
803 4333 898 4404 bapti·
947 4329 1063 4384 bantur.
1079 4329 1149 4382 llira
1164 4328 1193 4381 in
1210 4343 1244 4382 eo
1259 4327 1434 4382 cernebatur
1451 4343 1568 4382 morum
1581 4326 1704 4383 suavitas
1724 4331 1755 4382 et

70 4435 196 4486 sarum,
209 4423 295 4492 alque
308 4420 339 4474 in
365 4420 542 4491 'trajectensi
567 4437 633 4474 eum
658 4420 796 4475 cathedra
810 4424 899 4478 collo·
911 4435 937 4494 Ῑ)
948 4417 1077 4484 facilitas,
1094 4420 1180 4489 atque
1196 4416 1271 4471 inter
1284 4415 1387 4470 divites
1394 4417 1423 4470 et
1433 4431 1575 4487 pauperes
1584 4432 1620 4471 ea
1634 4421 1754 4473 noverat

71 4525 159 4563 care.
178 4509 214 4563 Et
224 4508 270 4563 ille
286 4493 460 4581 sicquidem
481 4512 595 4564 sanctus
614 4525 666 4580 per
686 4509 845 4565 triennium
859 4511 898 4565 vi·
949 4505 1149 4562 moderatione
1157 4521 1186 4560 se
1197 4521 1308 4576 gerere,
1320 4508 1351 4560 at
1359 4517 1578 4577 paupereseum
1589 4521 1647 4560 suae
1656 4505 1752 4574 sortis,

70 4615 128 4651 cos
147 4601 183 4652 et
198 4598 314 4652 castella
334 4599 523 4669 perlustrans,
540 4599 661 4653 verbum
687 4599 750 4653 ritas
767 4599 900 4654 dissemi-

71 4687 186 4740 navit:
203 4685 253 4740 sed
277 4685 348 4740 nihil
371 4703 400 4741 se
419 4686 561 4758 prolicere
586 4701 717 4754 cernens,
746 4687 806 4742 imo
832 4706 898 4744 roro

70 4779 178 4832 etiarn
190 4774 266 4848 ipsos
275 4774 437 4830 sacerdotes
446 4779 475 4829 et
483 4775 582 4831 levitas
592 4775 646 4832 sibi
658 4776 796 4830 insultare
808 4777 900 4833 anim·

68 4865 253 4933 advertens,
268 4863 416 4935 pulverem
435 4863 555 4935 pedum,
578 4863 828 4935 quemadmodum
842 4867 899 4920 Do-

68 4955 188 5007 minus
200 4952 293 5023 jubet‚
310 4950 340 5005 in
363 4951 429 5006 illos
453 4951 583 5018 excussit,
607 4956 693 5023 atque
707 4953 743 5006 ad
757 4955 819 5007 loca
832 4953 897 5023 alia,

68 5047 105 5094 ut
124 5040 217 5114 prius
239 5040 354 5107 fecorat,
375 5056 436 5094 sese
455 5040 632 5112 praedicandi
655 5057 740 5095 causa
764 5042 896 5099 contulit.

65 5133 308 5203 lncompertum
321 5146 387 5186 vcro
402 5133 444 5185 est
466 5133 575 5201 quanto
588 5134 720 5204 ternpore
735 5131 815 5204 plebs
828 5132 897 5190 'fra-

58 5219 226 5291 jectensis
241 5223 303 5274 tum
318 5219 379 5273 sine
399 5223 514 5290 pastore
526 5218 729 5292 permanserit,
751 5220 842 5276 donoc
853 5221 897 5276 Si-

63 5311 245 5380 gebertum
273 5312 357 5381 paler
379 5325 480 5380 regem
504 5309 694 5365 bustrasianis
719 5308 799 5364 dedit
821 5314 849 5365 et
868 5311 897 5366 in

61 5397 340 5454 Mediomatricum
356 5397 427 5453 urbe
440 5397 539 5452 sedern
556 5398 662 5454 habere
677 5398 773 5453 voluit.
791 5397 819 5452 Ei
831 5415 897 5454 voro

59 5487 287 5558 Trajectenses
308 5503 342 5541 ex
366 5486 515 5542 communi
539 5487 722 5554 sacerdotum
746 5487 896 5554 electione,

61 5581 264 5649 magnatum
279 5576 372 5630 multa
385 5575 559 5648 frequentia,
570 5578 598 5630 et
613 5575 745 5631 omnium
760 5575 897 5630 ordinum

58 5666 295 5740 postulatione,
311 5665 453 5738 ejusmodi
469 5681 568 5738 preces
584 5665 719 5734 offerunt,
745 5663 896 5720 neminem

949 4595 1105 4665 locupletes
1119 4609 1186 4650 vcro
1198 4593 1241 4648 sui
1261 4592 1370 4649 ordinis
1394 4593 1617 4650 arbitrarentur.
1628 4594 1691 4648 Non
1706 4594 1755 4650 ille

949 4685 1252 4756 personaspotentum,
1260 4682 1615 4754 sedmorumelegantiam
1627 4683 1752 4756 pensita-

949 4773 1009 4839 bat,
1022 4775 1103 4827 tanto
1117 4787 1261 4844 quemque
1284 4771 1454 4844 propensius
1475 4773 1623 4826 honorans
1643 4775 1752 4842 quanto

949 4879 1016 4917 eum
1025 4861 1170 4917 didicisset
1177 4861 1413 4916 sanctiusrivere.
1425 4861 1507 4925 Quod
1518 4877 1569 4916 ore
1585 4859 1708 4929 dicebat,
1725 4866 1755 4916 et

949 4949 1105 5018 astruebat,
1117 4966 1267 5022 nunquam
1274 4949 1387 5005 actione
1397 4951 1533 5023 relopere
1542 4949 1695 5019 destruxit,
1705 4950 1754 5006 sed

948 5039 1030 5095 factis
1045 5039 1170 5095 ostendit
1185 5038 1255 5111 quid
1268 5054 1336 5093 roco
1352 5037 1448 5095 doceri
1462 5043 1621 5111 oporteret.
1636 5038 1753 5104 Quodei

948 5128 1045 5183 divina
1057 5129 1151 5200 gratia
1161 5129 1293 5196 contulit,
1309 5126 1752 5200 idinposterosderiravit.Unde

947 5217 1018 5272 illud
1037 5220 1222 5272 consecutum
1238 5220 1290 5284 est,
1307 5221 1338 5272 ut
1354 5217 1481 5290 nunejus
1490 5213 1752 5287 modogestanobis

947 5305 1091 5378 hodieque
1105 5305 1272 5377 proficiant,
1288 5306 1338 5361 sed
1352 5306 1440 5362 etiarn
1455 5305 1659 5377 discipulorum
1679 5301 1751 5373 ejus,

948 5397 977 5449 et
992 5393 1040 5466 qui
1055 5394 1135 5449 abeo
1148 5394 1394 5451 fidelitereducati
1410 5397 1489 5462 sunt;
1503 5393 1753 5465 quorumactuset

948 5500 1037 5556 opera
1053 5483 1135 5538 riobis
1150 5483 1281 5555 exemplo
1296 5487 1373 5551 sunt,
1396 5486 1425 5537 et
1448 5481 1485 5536 ad
1508 5480 1683 5536 imitandum
1699 5497 1753 5536 nos

948 5571 1081 5627 inritant.

982 5657 1753 5718 ll.llultorumillecoenobiorumetfundatoretrcclor
